Timestamp,Current_Price,Predicted_Price
1682900320,29310.32,29266.548655049082
1682900327,29316.41,29272.629560385813
1682900333,29309.32,29265.550148425646
1682900339,29313.67,29269.893652237595
1682900345,29307.85,29264.082343689195
1682900351,29301.74,29257.981468219998
1682900358,29309.58,29265.809760147742
1682900364,29291.96,29248.216073442785
1682900370,29290.02,29246.27897059332
1682900377,29290.0,29246.25900046085
Timestamp,Current_Price,Predicted_Price
1682900592,29281.07,29275.511411827894
1682900599,29272.04,29266.483126042956
1682900606,29272.05,29266.4931241446
1682900612,29279.02,29273.461800990783
1682900618,29287.57,29282.010177896787
1682900625,29292.93,29287.369160378214
1682900631,29294.35,29288.788890811724
1682900637,29294.34,29288.77889271008
1682900644,29286.74,29281.1803354603
1682900650,29292.29,29286.72928187297
Timestamp,Current_Price,Predicted_Price
1682900852,29270.0,29274.111604222562
1682900858,29265.24,29269.35093557767
1682900864,29276.39,29280.502501836192
1682900870,29273.13,29277.242043898725
1682900876,29274.27,29278.382204036367
Timestamp,Current_Price,Predicted_Price
1682900977,29300.74,29297.148150476423
1682900984,29301.34,29297.748076925047
1682900992,29301.57,29297.97804873035
1682900998,29301.75,29298.15802666494
1682901006,29298.25,29289.674255067803
1682901012,29298.25,29289.674255067803
1682901018,29295.64,29287.065019027912
1682901025,29295.63,29287.055021954962
1682901031,29295.64,29287.065019027912
1682901037,29300.84,29292.263496961794
1682901043,29300.84,29292.263496961794
1682901049,29300.84,29292.263496961794
1682901055,29293.56,29284.98562785436
1682901061,29293.55,29284.97563078141
1682901067,29290.8,29282.226435720222
1682901074,29290.8,29282.226435720222
1682901080,29290.81,29282.236432793172
1682901086,29290.81,29282.236432793172
1682901092,29291.41,29282.83625717016
1682901099,29292.19,29283.61602886024
1682901106,29293.33,29284.755695176515
1682901114,29293.34,29284.765692249464
1682901120,29293.34,29284.765692249464
1682901127,29293.34,29284.765692249464
1682901133,29293.33,29284.755695176515
1682901140,29293.33,29296.306523382114
1682901146,29293.34,29296.316524398222
1682901152,29293.33,29296.306523382114
1682901159,29293.34,29296.316524398222
1682901165,29292.49,29295.466438028907
1682901173,29292.48,29295.733481532858
1682901179,29292.48,29295.733481532858
1682901186,29292.45,29295.703478200794
1682901193,29285.73,29288.982731818243
1682901199,29285.73,29288.982731818243
1682901206,29285.74,29283.17478658851
1682901212,29288.32,29285.754560599664
1682901220,29301.72,29299.153386859143
1682901227,29301.72,29299.153386859143
1682901233,29301.73,29299.163385983215
1682901239,29301.73,29299.23499327074
1682901246,29305.2,29302.704697804456
1682901252,29304.33,29301.8347718839
1682901258,29302.66,29300.164914082372
1682901264,29302.65,29300.15491493386
1682901270,29302.66,29300.35810672864
1682901276,29302.66,29300.35810672864
1682901283,29302.66,29300.35810672864
1682901290,29298.85,29296.548406026155
1682901296,29298.85,29296.548406026155
1682901304,29297.03,29342.14564151748
1682901310,29292.94,29338.04934316663
1682901316,29292.95,29338.05935856602
1682901322,29292.95,29338.05935856602
1682901328,29291.41,29336.516987059833
1682901335,29291.42,29276.69645673715
1682901341,29291.41,29276.686461763722
1682901347,29291.41,29276.686461763722
1682901354,29291.42,29276.69645673715
1682901360,29291.41,29276.686461763722
1682901366,29291.41,29299.304591254557
1682901373,29291.41,29299.304591254557
1682901379,29291.41,29299.304591254557
1682901385,29291.41,29299.304591254557
1682901392,29297.71,29305.606289224193
1682901400,29297.71,29310.64746246737
1682901407,29297.72,29310.657466883233
1682901414,29291.17,29304.104574494057
1682901420,29291.17,29304.104574494057
1682901427,29291.18,29304.11457890992
1682901434,29300.0,29310.714726615697
1682901440,29302.28,29312.995560389645
1682901447,29302.61,29313.325681067454
1682901454,29305.79,29316.5068439627
1682901461,29309.73,29320.44828478259
1682901467,29308.73,29312.961830695564
1682901474,29308.6,29312.831811925116
1682901480,29308.6,29312.831811925116
1682901486,29308.59,29312.821810481237
1682901493,29305.23,29309.46132533735
1682901500,29305.02,29298.896439165444
1682901506,29305.0,29298.876443344634
1682901513,29304.95,29298.826453792608
1682901519,29304.95,29298.826453792608
1682901525,29293.69,29287.568806676
1682901533,29293.7,29307.070063634976
1682901539,29293.69,29307.06005907083
1682901546,29293.7,29307.070063634976
1682901552,29293.7,29307.070063634976
1682901558,29293.7,29307.070063634976
1682901566,29293.7,29305.7347995608
1682901574,29295.52,29307.555547275675
1682901581,29299.25,29311.287079680333
1682901587,29299.25,29311.287079680333
1682901593,29299.24,29311.277075572012
1682901601,29306.3,29293.149071316664
1682901607,29306.3,29293.149071316664
1682901613,29306.3,29293.149071316664
1682901620,29306.3,29293.149071316664
1682901627,29300.75,29287.60156182738
1682901634,29300.76,29284.74481942023
1682901641,29300.76,29284.74481942023
1682901648,29300.76,29284.74481942023
1682901654,29300.75,29284.73482488602
1682901661,29300.75,29284.73482488602
1682901668,29300.76,29306.328435237992
1682901674,29295.51,29301.077437506705
1682901681,29295.26,29300.82738999569
1682901687,29295.26,29300.82738999569
1682901694,29298.21,29303.777950625656
1682901701,29298.21,29292.80314641646
1682901708,29298.21,29292.80314641646
1682901714,29290.0,29284.59466153523
1682901720,29289.99,29284.584663380687
1682901727,29289.99,29284.584663380687
1682901735,29289.99,29292.898869363496
1682901742,29289.99,29292.898869363496
1682901748,29290.0,29292.908870356623
1682901754,29290.0,29292.908870356623
1682901760,29290.0,29292.908870356623
1682901767,29286.7,29296.176723233122
1682901773,29294.83,29304.3093539754
1682901780,29291.64,29301.11832174073
1682901787,29281.22,29290.694949989866
1682901793,29280.31,29289.784655527936
1682901801,29286.12,29291.349006650726
1682901808,29286.13,29291.35900843622
1682901814,29286.13,29291.35900843622
1682901820,29289.68,29294.90964228507
1682901826,29289.99,29295.219697635253
1682901834,29290.0,29309.710519721266
1682901840,29300.13,29319.847336640516
1682901846,29300.13,29319.847336640516
1682901853,29297.44,29317.155526422073
1682901859,29297.44,29317.155526422073
1682901867,29301.77,29305.60383320995
1682901873,29301.76,29305.593831901548
1682901879,29303.76,29307.59409358084
1682901885,29303.76,29307.59409358084
1682901891,29303.76,29307.59409358084
1682901900,29303.77,29302.05228111403
1682901907,29303.76,29299.95366162367
1682901914,29303.76,29299.95366162367
1682901921,29303.27,29299.46372527099
1682901927,29301.78,29297.973918810803
1682901934,29298.14,29297.309761473018
1682901940,29298.14,29297.309761473018
1682901946,29298.13,29297.299761756396
1682901953,29298.13,29297.299761756396
1682901959,29298.14,29297.309761473018
1682901966,29298.13,29296.445784684212
1682901972,29298.13,29296.445784684212
1682901978,29298.13,29296.445784684212
1682901984,29298.13,29296.445784684212
1682901990,29292.99,29291.306080159273
1682901999,29291.0,29305.589797927998
1682902006,29290.01,29304.599304810657
1682902012,29283.4,29297.98601238076
1682902019,29283.08,29297.665852989296
1682902026,29281.82,29296.40522538541
1682902034,29281.65,29280.85938942995
1682902040,29281.65,29280.85938942995
1682902047,29284.78,29283.9893049193
1682902053,29284.78,29283.9893049193
1682902059,29284.79,29283.999304649304
1682902067,29284.68,29283.236250873506
1682902074,29283.76,29282.316296229958
1682902081,29283.76,29282.316296229958
1682902087,29283.76,29282.316296229958
1682902094,29283.76,29282.316296229958
1682902101,29283.76,29287.19577142814
1682902108,29283.77,29287.20577260141
1682902114,29283.76,29287.19577142814
1682902120,29283.76,29287.19577142814
1682902126,29291.01,29294.44662204783
1682902134,29291.01,29289.1951097452
1682902142,29299.99,29298.174553338493
1682902148,29300.66,29298.84451182485
1682902154,29311.39,29309.57384698699
1682902160,29311.39,29309.57384698699
1682902168,29317.21,29315.678524182025
1682902175,29332.89,29331.357705088365
1682902181,29327.72,29326.187975159428
1682902188,29316.83,29315.298544032514
1682902195,29316.82,29315.288544554893
1682902204,29316.82,29313.350868882342
1682902210,29323.08,29319.61012812121
1682902216,29324.48,29321.00996245578
1682902222,29324.48,29321.00996245578
1682902228,29323.3,29319.830102088068
1682902236,29319.78,29318.637106955764
1682902242,29312.27,29311.12739969762
1682902248,29311.45,29310.307431661444
1682902254,29311.45,29310.307431661444
1682902260,29316.01,29314.867253911394
1682902269,29309.28,29312.26961026847
1682902275,29304.88,29307.86916145891
1682902281,29304.88,29307.86916145891
1682902287,29304.74,29307.72914717861
1682902294,29298.79,29301.778540265674
1682902303,29298.8,29296.527610062993
1682902310,29302.62,29300.34731378705
1682902317,29302.61,29300.337314562643
1682902324,29302.61,29300.337314562643
1682902330,29301.59,29299.317393672973
1682902338,29300.86,29302.825389763333
1682902344,29300.87,29302.83539043409
1682902350,29300.86,29302.825389763333
1682902357,29300.87,29302.83539043409
1682902364,29300.86,29302.825389763333
1682902373,29300.86,29300.972381080814
1682902379,29300.0,29300.112377782352
1682902385,29300.01,29300.122377820706
1682902391,29300.01,29300.122377820706
1682902397,29295.72,29295.83236136676
1682902406,29295.73,29296.45256984697
1682902413,29295.73,29296.45256984697
1682902420,29295.72,29296.442569600327
1682902428,29295.72,29296.442569600327
1682902434,29292.72,29293.442495606283
1682902442,29291.85,29293.10172973458
1682902449,29285.62,29286.871463507752
1682902455,29285.62,29286.871463507752
1682902461,29285.63,29286.881463935086
1682902468,29285.62,29286.871463507752
1682902477,29285.62,29287.940921808487
1682902483,29285.62,29287.940921808487
1682902490,29285.62,29287.940921808487
1682902497,29285.63,29287.950922601
1682902503,29285.63,29287.047973953744
1682902511,29285.62,29288.314168002347
1682902517,29285.62,29288.314168002347
1682902524,29285.63,29288.324168922314
1682902530,29285.62,29288.314168002347
1682902536,29285.62,29288.314168002347
1682902545,29286.79,29287.127417756572
1682902551,29286.78,29287.11741764136
1682902557,29288.05,29288.387432273234
1682902563,29292.46,29292.797483081544
1682902570,29292.48,29292.817483311966
1682902579,29292.48,29291.74349141892
1682902586,29292.48,29291.74349141892
1682902593,29292.49,29291.75349116749
1682902600,29292.48,29291.74349141892
1682902606,29296.57,29295.833388582967
1682902614,29296.59,29297.575628009923
1682902621,29296.58,29297.565627673495
1682902627,29296.58,29297.565627673495
1682902633,29298.08,29299.06567813814
1682902640,29298.07,29299.055677801705
1682902650,29298.07,29296.158049329155
1682902656,29297.03,29295.118117198086
1682902663,29297.03,29295.118117198086
1682902669,29297.04,29295.1281165455
1682902675,29297.04,29295.1281165455
1682902684,29297.78,29298.11043304274
1682902690,29297.77,29298.100432929958
1682902697,29297.77,29298.100432929958
1682902704,29297.77,29298.100432929958
1682902711,29297.69,29298.02043202768
1682902719,29297.69,29290.54702212927
1682902726,29297.7,29290.557019691205
Timestamp,Current_Price,Predicted_Price
Timestamp,Current_Price,Predicted_Price
1682902779,29308.98,29222.124288433588
1682902786,29315.57,29228.694759294765
1682902792,29315.57,29228.694759294765
1682902798,29315.57,29228.694759294765
1682902806,29315.56,29236.40795864463
Timestamp,Current_Price,Predicted_Price
1682902873,29300.53,29274.132293195467
1682902880,29300.53,29274.132293195467
1682902886,29300.53,29274.132293195467
1682902892,29300.53,29274.132293195467
1682902898,29300.53,29274.132293195467
1682902905,29300.53,29274.132293195467
1682902911,29300.54,29274.142284186175
1682902917,29300.54,29274.142284186175
1682902923,29300.54,29274.142284186175
1682902930,29310.78,29284.373058669855
1682902936,29310.79,29284.383049660562
1682902942,29312.67,29286.261355913422
1682902948,29313.44,29287.03066219784
1682902954,29313.41,29287.000689225722
1682902961,29313.4,29286.99069823502
1682902967,29312.3,29285.891689257278
1682902973,29312.27,29285.86171628516
1682902979,29312.28,29285.871707275863
1682902985,29312.28,29285.871707275863
1682902991,29312.28,29285.871707275863
1682902998,29312.28,29285.871707275863
1682903004,29312.08,29285.671887461733
1682903010,29311.99,29285.58196854537
1682903017,29312.0,29285.591959536076
1682903023,29311.99,29285.58196854537
1682903031,29311.99,29278.54541991745
1682903037,29311.99,29278.54541991745
1682903043,29312.0,29278.555408507586
1682903049,29311.99,29278.54541991745
1682903055,29312.0,29278.555408507586
1682903062,29311.99,29279.89482590808
1682903068,29311.99,29279.89482590808
1682903074,29311.99,29279.89482590808
1682903080,29311.99,29279.89482590808
1682903086,29311.92,29279.8249025546
1682903093,29311.85,29284.270655926302
1682903100,29311.7,29284.12079706041
1682903106,29311.69,29291.941434600252
1682903113,29311.67,29291.921448075125
1682903119,29311.67,29291.921448075125
1682903126,29311.67,29309.39873434447
1682903132,29307.89,29305.61902724434
1682903138,29303.29,29301.019383683328
1682903145,29303.3,29301.02938290846
1682903152,29302.58,29300.309438698914
1682903159,29302.57,29299.64938822142
1682903165,29301.73,29298.809471944925
1682903171,29301.72,29298.799472941635
1682903177,29301.0,29298.07954470464
1682903183,29300.01,29297.08964337877
1682903190,29300.0,29295.793886459433
1682903196,29300.01,29295.8038850239
1682903202,29300.0,29295.793886459433
1682903208,29299.99,29295.783887894966
1682903215,29299.99,29295.783887894966
1682903221,29300.0,29248.13146935776
1682903227,29299.75,29247.881911922013
1682903233,29299.75,29247.881911922013
1682903240,29299.75,29247.881911922013
1682903247,29299.76,29247.891894219443
1682903254,29299.76,29294.04816101227
1682903261,29299.76,29294.04816101227
1682903267,29296.23,29290.51884916779
1682903273,29293.5,29287.789381367387
1682903280,29293.5,29287.789381367387
1682903286,29293.45,29269.4231861318
1682903293,29293.45,29269.4231861318
1682903299,29290.85,29266.82531868075
1682903305,29290.85,29266.82531868075
1682903311,29290.77,29266.745384297643
1682903319,29289.35,29289.04715468023
1682903326,29293.88,29293.577107841047
1682903332,29293.81,29293.50710856483
1682903338,29293.82,29293.517108461434
1682903344,29292.62,29292.317120869164
1682903351,29292.62,29290.600253356642
1682903358,29288.82,29286.8005153693
1682903364,29285.9,29283.880716705346
1682903370,29285.9,29283.880716705346
1682903377,29285.9,29283.880716705346
1682903384,29285.85,29277.857411332578
1682903390,29285.13,29277.13760783239
1682903396,29285.13,29277.13760783239
1682903403,29285.08,29279.831548682276
Timestamp,Current_Price,Predicted_Price
1682903463,29285.15,29209.8398575475
1682903469,29285.15,29209.8398575475
1682903476,29282.38,29207.07698092213
1682903482,29282.39,29207.086955205974
1682903489,29270.72,29195.446965957584
1682903496,29270.43,29195.157711726046
1682903503,29263.56,29188.30537872378
1682903509,29253.16,29177.93212352384
1682903515,29252.59,29177.36358934461
1682903521,29252.6,29177.373563628455
1682903527,29256.09,29180.854588690745
1682903533,29254.68,29179.448214668446
1682903540,29254.68,29179.448214668446
1682903546,29253.98,29178.750014799218
1682903553,29252.14,29176.914746571536
1682903559,29245.03,29169.82303075696
1682903565,29245.01,29169.803082189268
1682903571,29245.02,29169.81305647312
1682903578,29250.45,29175.22909260155
1682903584,29257.6,29182.360705551502
1682903590,29257.59,29182.35073126766
1682903596,29253.12,29177.892226388452
1682903603,29249.43,29174.211715649246
1682903611,29247.95,29172.735521640025
1682903617,29246.18,29170.970073399265
1682903624,29245.01,29169.803082189268
1682903630,29243.8,29168.596193843892
1682903636,29248.73,29173.513515780018
1682903643,29248.73,29173.513515780018
1682903649,29248.73,29173.513515780018
1682903655,29248.73,29173.513515780018
1682903662,29248.73,29173.513515780018
1682903668,29248.73,29173.513515780018
1682903675,29248.73,29173.513515780018
1682903681,29254.77,29179.53798322306
1682903688,29257.47,29182.231039861508
1682903694,29257.47,29182.231039861508
1682903701,29257.47,29176.10161112623
1682903707,29257.47,29176.10161112623
1682903713,29257.46,29176.091638937378
1682903720,29254.39,29173.03017696045
1682903727,29257.47,29176.10161112623
1682903733,29251.38,29170.02854811662
1682903739,29248.56,29167.21639086094
1682903746,29255.62,29174.25675618899
1682903752,29255.62,29174.25675618899
1682903758,29255.62,29174.25675618899
1682903764,29255.62,29174.25675618899
1682903770,29255.62,29174.25675618899
1682903776,29267.27,29185.874356199165
1682903784,29262.19,29226.13991674114
1682903790,29262.2,29226.14990442146
1682903797,29262.2,29226.14990442146
1682903803,29267.95,29231.892820605153
1682903809,29273.76,29237.69566287076
1682903816,29270.46,29234.399728365337
1682903822,29270.47,29234.40971604566
1682903828,29266.28,29230.2248779918
1682903835,29251.79,29215.7527292089
1682903842,29253.16,29217.121041412665
1682903848,29250.48,29214.44434308705
1682903855,29239.54,29203.517820817557
1682903862,29245.34,29209.310675402845
1682903869,29240.01,29203.98724179257
1682903875,29239.53,29203.507833137235
1682903882,29238.33,29202.309311498902
1682903888,29238.33,29202.309311498902
1682903895,29238.26,29202.239397736663
1682903901,29236.65,29200.631381205232
1682903907,29236.65,29200.631381205232
1682903914,29238.22,29202.199447015388
1682903920,29246.6,29210.569123123096
1682903927,29246.61,29210.579110803417
1682903933,29246.61,29210.579110803417
1682903940,29243.12,29207.093410371923
1682903947,29233.63,29197.615101748754
1682903954,29233.62,29197.605114068432
1682903961,29226.07,29190.064415427238
1682903967,29225.69,29189.684883575097
1682903973,29218.87,29182.873285597223
1682903980,29218.01,29182.01434508975
1682903986,29218.0,29182.00435740943
1682903992,29218.01,29182.01434508975
1682904000,29218.0,29182.00435740943
1682904007,29218.84,29179.539320090116
1682904013,29220.01,29180.70774638645
1682904019,29227.96,29188.64705327183
1682904025,29226.49,29187.179030489253
1682904032,29231.71,29192.39200934984
1682904038,29241.82,29202.48841093615
1682904045,29239.23,29199.901894604936
1682904051,29236.31,29196.98582213886
1682904057,29235.75,29196.426575364545
1682904064,29236.31,29196.98582213886
1682904071,29234.87,29195.547759004905
1682904077,29235.84,29196.51645431042
1682904084,29237.26,29197.934544345288
1682904090,29236.83,29197.505122715014
1682904096,29232.0,29192.681619286537
1682904102,29225.21,29185.900752147958
1682904110,29223.2,29192.06729119532
1682904116,29223.19,29192.057301848738
1682904122,29223.2,29192.06729119532
1682904129,29229.49,29198.350590192746
1682904136,29224.3,29193.166119318874
1682904142,29226.47,29195.333807526255
1682904148,29227.04,29195.903200281187
1682904155,29229.94,29198.800110788743
1682904161,29227.29,29196.152933945632
1682904168,29227.05,29195.913189627765
1682904174,29222.49,29191.358047588295
1682904181,29222.49,29191.358047588295
1682904187,29222.75,29191.617770599318
1682904194,29222.5,29191.368036934873
1682904200,29221.7,29190.56888920865
1682904206,29217.5,29186.37336364598
1682904213,29217.5,29186.37336364598
1682904219,29217.5,29186.37336364598
1682904226,29217.49,29186.363374299402
1682904232,29217.49,29186.363374299402
1682904238,29217.49,29186.363374299402
1682904245,29217.49,29186.363374299402
1682904251,29217.5,29186.37336364598
1682904257,29217.5,29186.37336364598
1682904265,29217.49,29186.363374299402
1682904271,29217.49,29186.363374299402
1682904278,29216.54,29185.414386374512
1682904284,29214.8,29183.676240069977
1682904291,29213.84,29182.71726279851
1682904297,29200.34,29169.2316449185
Timestamp,Current_Price,Predicted_Price
1682904388,29211.25,29227.14666225438
1682904394,29215.1,29230.998757411202
1682904401,29213.01,29228.907620040354
1682904408,29213.01,29228.907620040354
1682904414,29222.1,29238.00256678724
1682904421,29229.78,29245.686746216947
1682904427,29229.97,29245.876849614302
1682904433,29223.4,29239.30327424279
1682904439,29223.39,29239.293268800822
1682904445,29223.39,29239.293268800822
1682904452,29223.4,29239.30327424279
1682904458,29224.93,29240.834106863553
1682904464,29230.44,29246.34710538669
1682904471,29225.99,29241.894683711926
1682904477,29227.82,29243.72567959166
1682904484,29230.44,29246.34710538669
1682904490,29237.53,29253.440963740417
1682904496,29237.53,29253.440963740417
1682904502,29241.89,29257.803336437493
1682904509,29240.7,29256.61268884357
1682904516,29237.53,29253.440963740417
1682904522,29237.53,29253.440963740417
1682904528,29234.52,29250.429325708723
1682904535,29237.46,29253.370925646657
1682904541,29237.48,29253.39093653059
1682904548,29237.52,29249.46342555512
1682904555,29237.53,29249.473429640086
1682904562,29237.53,29249.473429640086
1682904568,29237.53,29249.473429640086
1682904574,29241.89,29253.83521068497
1682904580,29241.89,29255.310625053757
1682904586,29241.89,29255.310625053757
1682904592,29245.53,29258.952295639177
1682904598,29250.0,29263.424347154796
1682904605,29246.32,29252.267388301167
1682904612,29246.27,29258.836254377227
1682904618,29243.6,29256.165107157452
1682904625,29243.61,29256.17511145416
1682904631,29245.57,29258.135953607998
1682904637,29241.89,29254.454372421194
1682904644,29241.88,29257.23621447257
1682904650,29241.01,29256.36575759679
1682904656,29241.02,29256.37576284824
1682904662,29241.02,29256.37576284824
1682904668,29238.57,29253.924476244047
1682904675,29238.57,29257.25977152953
1682904681,29238.56,29257.24976513737
1682904687,29236.65,29255.33854423417
1682904694,29247.04,29265.735185691883
1682904700,29244.87,29263.563798592437
1682904707,29239.02,29260.00872657472
1682904713,29237.08,29258.067333979157
1682904719,29237.08,29258.067333979157
1682904725,29238.82,29259.80858300817
1682904731,29252.77,29273.76859677524
1682904738,29252.77,29270.900470244476
1682904744,29252.13,29270.260073581154
1682904750,29252.99,29271.120606597495
1682904756,29259.28,29277.414505054214
1682904762,29257.51,29275.64340803221
1682904769,29252.79,29267.410933316085
1682904775,29252.91,29267.53099329368
1682904782,29258.61,29273.233842229456
1682904788,29260.0,29274.62453696993
1682904794,29257.11,29271.733092509516
1682904801,29256.99,29270.88140636968
1682904807,29257.0,29270.891411117744
1682904813,29257.0,29270.891411117744
1682904819,29257.0,29270.891411117744
1682904825,29253.19,29267.07960210532
1682904832,29253.01,29265.876252861777
1682904840,29252.78,29265.646151701654
1682904846,29242.4,29255.261586301218
1682904852,29240.0,29252.8605307173
1682904858,29235.45,29248.308529506125
1682904865,29234.49,29248.875103698145
1682904871,29233.69,29248.074710050674
1682904877,29233.6,29247.984665765332
1682904884,29233.44,29247.82458703584
1682904890,29233.43,29247.814582115247
1682904897,29233.44,29237.379446183913
1682904903,29233.12,29240.536813810886
1682904910,29232.9,29240.316757994093
1682904916,29232.89,29240.306755456964
1682904922,29231.59,29239.006425630454
1682904929,29228.44,29231.782481306174
1682904935,29228.43,29231.772480162603
1682904941,29228.44,29231.782481306174
1682904948,29228.44,29231.782481306174
1682904954,29226.84,29230.182298334723
1682904961,29225.76,29224.487260345886
1682904967,29233.07,29231.796942005938
1682904973,29234.24,29232.96689105413
1682904979,29234.24,29232.96689105413
1682904985,29225.01,29223.737293007303
1682904993,29225.02,29214.086886100617
1682904999,29230.52,29219.584828544233
1682905005,29231.64,29220.704409550934
1682905011,29228.39,29217.455625379705
1682905017,29227.85,29216.915827394332
1682905025,29226.68,29228.264552342865
1682905032,29226.32,29227.904532825123
1682905038,29222.34,29223.924317045625
1682905044,29220.03,29221.61419180677
1682905050,29220.0,29221.584190180292
1682905057,29220.0,29188.074331870303
1682905064,29216.98,29185.057631511565
1682905071,29216.84,29184.91778447507
1682905077,29216.84,29184.91778447507
1682905083,29210.54,29178.624667832675
1682905091,29210.01,29209.553894675075
1682905097,29210.01,29209.553894675075
1682905103,29206.7,29206.243946359707
1682905110,29128.86,29128.405161807375
1682905117,29107.51,29107.05549518106
1682905124,29059.87,29070.664767562943
1682905131,29044.32,29055.10899125921
1682905137,29012.75,29023.527264062497
1682905144,28930.01,28940.756528926097
1682905150,28788.35,28799.04390698481
1682905157,28837.15,28834.022333809018
1682905164,28892.99,28889.85627742411
1682905170,28795.19,28792.066884774467
1682905177,28746.61,28743.492153742573
1682905183,28737.8,28734.68310927178
1682905190,28796.89,28801.977899415197
1682905196,28808.92,28814.010024902702
1682905203,28755.6,28725.530351440328
1682905209,28767.01,28736.92842003601
1682905215,28785.05,28754.949555659678
1682905223,28793.39,28727.044885138133
1682905229,28750.75,28684.503135316307
1682905236,28726.18,28659.98974898605
1682905243,28742.06,28675.833158628888
1682905249,28736.14,28669.926799366567
1682905256,28732.39,28680.322171218166
1682905262,28746.8,28694.70605792189
1682905268,28750.98,28698.87848307259
1682905275,28757.87,28705.755997256394
1682905281,28778.82,28726.668032401645
1682905289,28755.43,28724.820468662772
1682905295,28723.25,28692.67472357457
1682905302,28751.79,28721.184343363795
1682905309,28760.39,28729.775188850384
1682905315,28764.06,28733.441282215015
1682905322,28741.91,28698.749808819597
1682905328,28769.5,28726.298378390144
1682905335,28756.94,28713.75723907133
1682905341,28766.71,28723.512567984133
1682905347,28751.74,28708.56504763361
1682905356,28760.0,28714.376355502754
1682905362,28758.38,28712.758925402064
1682905368,28761.99,28716.36319865114
1682905374,28764.06,28718.429914890912
1682905380,28756.12,28710.50251057023
1682905388,28768.5,28737.48428322753
1682905394,28768.43,28737.414358695496
1682905401,28771.01,28739.991577161898
1682905407,28752.06,28721.062007418357
1682905413,28760.09,28729.083350164565
1682905421,28742.03,28716.030556362875
1682905427,28729.18,28703.1921802061
1682905433,28753.78,28727.769927556812
1682905439,28714.15,28688.175776032072
1682905446,28700.01,28674.048566782516
1682905454,28707.48,28687.784627198624
1682905460,28677.63,28657.955106421396
1682905467,28662.46,28642.795514120204
1682905473,28699.1,28679.410376474563
1682905479,28685.61,28665.9296315739
1682905487,28708.42,28686.042817696172
1682905493,28657.09,28634.752827587618
1682905499,28677.11,28654.757222716653
1682905506,28664.7,28638.989643934743
1682905512,28650.0,28624.302828870714
1682905520,28665.5,28656.450252763752
1682905526,28668.24,28659.18938774108
1682905532,28691.62,28682.562006635206
1682905539,28660.12,28651.071951238926
1682905545,28680.62,28671.565479353965
1682905552,28678.8,28675.362837175733
1682905559,28685.72,28682.28200781165
1682905566,28675.51,28672.073231483224
1682905572,28635.75,28632.31799673121
1682905578,28628.74,28625.308836881824
1682905586,28621.63,28617.044925734976
1682905592,28623.37,28618.784646993714
1682905598,28601.28,28596.698185726153
1682905605,28615.34,28610.75593336861
1682905611,28646.97,28642.380866365125
1682905619,28653.62,28651.290417937835
1682905626,28663.98,28661.649575654377
1682905632,28683.9,28681.567956128652
1682905638,28677.19,28674.858501661663
1682905644,28672.77,28670.43886101426
1682905652,28674.81,28670.421082030687
1682905658,28679.74,28675.350327453216
1682905664,28696.44,28692.04777137943
1682905670,28690.84,28686.448628505972
1682905676,28674.81,28670.421082030687
1682905685,28672.36,28667.51339923319
1682905691,28661.18,28656.335289032166
1682905697,28652.71,28647.866720749276
1682905703,28649.25,28644.407305606564
1682905709,28639.16,28634.319011158594
1682905717,28653.8,28650.459117857048
1682905723,28644.06,28640.720253489744
1682905729,28653.0,28649.659211132835
1682905735,28636.47,28633.13113844376
1682905742,28639.05,28635.71083762935
1682905750,28658.62,28647.308786103164
1682905756,28649.56,28638.2523619766
1682905762,28631.95,28620.64931243258
1682905768,28657.74,28646.42913342862
1682905774,28676.75,28665.431630409417
1682905783,28695.76,28696.194538417032
1682905789,28688.8,28689.234433022113
1682905796,28682.2,28682.63433307865
1682905807,28659.14,28659.527667656912
1682905814,28664.62,28665.007741784008
1682905822,28658.57,28678.79099039053
1682905828,28660.23,28680.452161657766
1682905834,28634.17,28654.37377417334
1682905840,28600.0,28620.179664413445
1682905847,28634.95,28655.154324527826
1682905856,28627.09,28594.74274164502
1682905862,28613.67,28581.337905610588
1682905868,28627.12,28594.772707746437
1682905874,28507.08,28474.868347271553
1682905880,28522.61,28490.380799105733
1682905889,28381.82,28383.345539603706
1682905895,28429.07,28430.598079319137
1682905902,28458.78,28460.309676249202
1682905908,28466.58,28468.110095503816
1682905915,28452.59,28454.119343533046
1682905924,28450.01,28450.963729574018
1682905930,28466.01,28466.964265941955
1682905936,28451.42,28452.373776841443
1682905942,28475.21,28476.164574353523
1682905948,28490.26,28491.21507887461
1682905956,28494.84,28495.682304471487
1682905963,28500.8,28501.64248064846
1682905969,28502.98,28503.82254508903
1682905975,28494.86,28495.702305062685
1682905981,28494.37,28495.212290578336
1682905989,28488.69,28486.893182419433
1682905996,28494.78,28492.982798315457
1682906002,28497.55,28495.752623608067
1682906008,28514.15,28512.35157662515
1682906014,28508.36,28506.561941807744
1682906024,28506.23,28507.337738049515
1682906030,28529.99,28531.098661351407
1682906037,28534.49,28535.59883621919
1682906043,28520.39,28521.498288300136
1682906049,28501.97,28503.077572508013
1682906058,28507.34,28507.39015182099
1682906064,28510.1,28510.150156676547
1682906070,28517.23,28517.28016922007
1682906076,28511.97,28512.020159966367
1682906082,28516.17,28516.220167355255
1682906091,28496.86,28497.51379824236
1682906098,28484.99,28485.643525911124
1682906105,28496.23,28497.36318990982
1682906111,28481.85,28482.982618070288
1682906117,28450.2,28451.331359466585
1682906126,28446.7,28458.77492379187
1682906133,28459.97,28472.05055658016
1682906139,28476.11,28488.19740761279
1682906145,28474.55,28486.6367454312
1682906151,28486.22,28498.311699058886
1682906160,28507.7,28507.46140974584
1682906166,28513.47,28513.231361454826
1682906172,28503.14,28502.901447909968
1682906179,28495.68,28495.441510345147
1682906185,28503.59,28503.351444143773
1682906194,28487.55,28496.86807495701
1682906200,28499.03,28508.351829983345
1682906207,28501.27,28510.592562671412
1682906213,28483.16,28492.476639019238
1682906220,28474.56,28483.873826020415
1682906229,28483.69,28480.472401175295
1682906235,28488.61,28485.39184539807
1682906242,28494.79,28491.57114728765
1682906248,28474.69,28471.473417840953
1682906255,28467.13,28463.914271840105
1682906263,28487.49,28488.037508273745
1682906270,28487.04,28487.58749962508
1682906276,28492.56,28493.107605715355
1682906282,28498.69,28499.23772352937
1682906288,28490.33,28490.87756285642
1682906298,28472.21,28468.912940623788
1682906305,28466.99,28463.693545095655
1682906311,28468.57,28465.273362132906
1682906317,28480.0,28476.702038547955
1682906324,28470.14,28466.84318032815
1682906333,28477.16,28473.77043733161
1682906339,28482.35,28478.959819579337
1682906346,28486.45,28483.059331566947
1682906352,28475.24,28471.850665864244
1682906360,28479.43,28476.04016713938
1682906369,28485.78,28486.018886712125
1682906375,28493.28,28493.51894960843
1682906381,28500.0,28500.23900596352
1682906387,28501.22,28501.459016194654
1682906394,28502.94,28503.179030618874
1682906404,28487.23,28487.945474644876
1682906410,28469.26,28469.975023317056
1682906416,28466.98,28467.694966053426
1682906423,28450.01,28450.724539841234
1682906429,28452.44,28453.15460087221
1682906438,28424.86,28440.00859848946
1682906444,28425.4,28440.54888627428
1682906450,28429.33,28444.48098070824
1682906456,28445.32,28460.479502336482
1682906463,28457.56,28472.726025459044
1682906473,28450.17,28451.608469474588
1682906479,28439.47,28440.90792847173
1682906486,28467.01,28468.449320922082
1682906492,28473.76,28475.199662208935
1682906499,28490.62,28492.06051466765
Timestamp,Current_Price,Predicted_Price
Timestamp,Current_Price,Predicted_Price
1682906655,28606.78,28573.405484468163
1682906662,28595.66,28562.29845777773
1682906668,28608.32,28574.94368780479
1682906674,28614.04,28580.65701448368
1682906680,28602.43,28569.060559458867
Timestamp,Current_Price,Predicted_Price
1682906719,28575.3,28436.497926236596
1682906725,28580.01,28441.18504781476
1682906733,28567.18,28428.41736844154
1682906740,28563.37,28424.625875190413
1682906747,28557.84,28419.122736692058
1682906753,28568.54,28429.770762357955
Timestamp,Current_Price,Predicted_Price
1682906878,28568.72,28570.44819456405
1682906885,28564.69,28566.417950779094
1682906891,28575.48,28577.20860349365
1682906898,28568.73,28570.458195168976
1682906904,28575.13,28576.85858232126
1682906911,28563.28,28565.007865484607
1682906917,28575.64,28577.368613172457
1682906923,28569.05,28570.77821452659
1682906930,28576.05,28577.7786379744
1682906936,28576.95,28578.678692417692
1682906943,28577.37,28579.09871782456
1682906949,28575.86,28577.588626480818
1682906955,28570.87,28572.59832462302
1682906961,28571.41,28573.138357288994
1682906967,28576.61,28578.338671850226
1682906975,28576.59,28578.318670640376
1682906982,28573.59,28575.318489162742
1682906989,28571.0,28572.72833248705
1682906995,28576.59,28578.318670640376
1682907001,28596.72,28606.94582216942
1682907007,28585.98,28596.20198168246
1682907013,28577.08,28587.298799156033
1682907020,28572.24,28582.457068433792
1682907026,28572.58,28582.797190013454
1682907032,28567.85,28578.065498625805
1682907039,28568.31,28597.814321413844
1682907045,28568.32,28597.82433174148
1682907051,28574.07,28603.580270134342
1682907057,28568.33,28597.834342069124
1682907064,28573.99,28603.500187513226
1682907070,28585.57,28618.57499735886
1682907077,28604.36,28637.386692357435
1682907083,28604.86,28637.887269659153
1682907089,28610.0,28643.03320432082
1682907095,28610.46,28643.4937354384
1682907101,28612.91,28648.424204605057
1682907107,28606.49,28641.996236132312
1682907113,28615.53,28651.047456536304
1682907119,28615.54,28651.057468948256
1682907125,28616.13,28651.648201253385
1682907133,28616.95,28647.159185262357
1682907140,28620.28,28650.492700542178
1682907146,28618.03,28648.24032535311
1682907153,28621.18,28651.393650617807
1682907160,28617.71,28647.91998754844
1682907167,28613.61,28576.962635084717
1682907173,28604.94,28568.30373933384
1682907180,28609.23,28572.58824484379
1682907186,28620.37,28583.713977100393
1682907192,28622.03,28585.371851027317
1682907199,28649.21,28556.672687269132
1682907205,28646.06,28553.532861809206
1682907212,28652.06,28559.513481732884
1682907218,28640.01,28547.502403386163
1682907226,28660.94,28568.364799219922
1682907232,28657.06,28561.64119185974
1682907239,28674.66,28579.182589511023
1682907245,28667.09,28571.63779518033
1682907251,28652.42,28557.01664156985
1682907257,28644.98,28549.6014143809
1682907263,28642.18,28541.8944482385
1682907270,28644.26,28543.967165484613
1682907277,28643.34,28543.05038670268
1682907283,28636.03,28535.765981380995
1682907289,28634.4,28534.14168853909
1682907296,28635.49,28540.483661283095
1682907302,28644.27,28580.73871955626
1682907309,28636.2,28572.68661833438
1682907316,28644.21,28580.678852632675
1682907322,28661.22,28597.651125468386
1682907329,28656.82,28605.789891634002
1682907335,28644.21,28593.20234666099
1682907341,28634.26,28583.270064941604
1682907348,28628.12,28577.140998634364
1682907354,28622.36,28571.391255649072
1682907360,28615.69,28570.476758925754
1682907366,28614.45,28569.238718145294
1682907373,28613.03,28567.820961767666
1682907381,28634.04,28588.79776563663
1682907388,28633.98,28588.737860437574
1682907395,28631.53,28586.952251570336
1682907401,28618.33,28573.77280325861
1682907408,28630.12,28585.544446864307
Timestamp,Current_Price,Predicted_Price
1682907464,28642.24,28597.711837786923
1682907470,28642.24,28597.711837786923
1682907476,28642.19,28597.661915518554
1682907482,28653.61,28609.064161613398
1682907488,28651.84,28607.296913313232
1682907495,28651.84,28607.296913313232
1682907501,28654.91,28610.362140590918
1682907507,28655.82,28611.270725875183
1682907513,28657.28,28612.728456111476
1682907519,28654.19,28609.643259926444
1682907525,28656.56,28612.009575447002
1682907532,28653.65,28609.104099428092
1682907538,28665.59,28621.02553711394
1682907544,28665.6,28621.03552156761
1682907550,28661.55,28616.99181782995
1682907556,28661.09,28616.53253296098
1682907562,28661.56,28617.001802283623
1682907568,28661.67,28617.111631274027
1682907574,28662.27,28617.710698494422
1682907580,28667.23,28622.662987516353
1682907586,28665.88,28621.315086270464
1682907592,28665.87,28621.30510181679
1682907599,28664.62,28620.057045107635
1682907606,28655.94,28630.66138203828
1682907612,28645.79,28620.520335783032
1682907619,28633.07,28625.282115656253
1682907625,28641.0,28633.209958782303
1682907631,28647.87,28640.078090216848
1682907637,28642.4,28634.609577997497
1682907643,28636.4,28628.61120993239
1682907650,28636.38,28613.709858821647
1682907656,28634.47,28611.801370883215
1682907663,28632.79,28610.12270086407
1682907670,28629.37,28606.7054083251
1682907677,28623.78,28601.119833678065
1682907683,28636.4,28615.50000603232
1682907689,28634.47,28613.571414623773
1682907696,28645.68,28624.773233115888
1682907702,28656.93,28636.015022414398
1682907708,28656.78,28635.865131890416
1682907714,28653.1,28638.236379729304
1682907720,28644.75,28629.890711240703
1682907726,28653.1,28638.236379729304
1682907733,28653.31,28638.44627079309
1682907739,28655.12,28640.255331866665
1682907745,28646.04,28633.277388354465
1682907751,28647.9,28635.136559672468
1682907758,28630.7,28617.94422275331
1682907764,28630.7,28617.94422275331
1682907771,28620.85,28608.098611203673
1682907778,28614.81,28604.50782711525
1682907785,28627.31,28617.003326747745
1682907791,28634.38,28624.070781339884
1682907797,28634.38,28624.070781339884
1682907803,28622.22,28611.915159297394
1682907810,28629.98,28619.757026197938
1682907816,28629.98,28619.757026197938
1682907823,28624.03,28613.80915077833
1682907829,28631.98,28621.75631205327
1682907835,28631.98,28621.75631205327
1682907842,28635.97,28642.002771401396
1682907848,28632.94,28638.97213306795
1682907854,28622.23,28628.25987678043
1682907861,28620.11,28626.139430157695
1682907867,28615.49,28621.518456857197
1682907874,28610.01,28613.531212951995
1682907880,28607.05,28610.570848646275
1682907886,28607.97,28611.490961876436
1682907892,28607.42,28610.94089418449
1682907898,28610.2,28613.72123633649
1682907905,28599.48,28598.76344938827
1682907911,28595.22,28594.503556121173
1682907918,28596.35,28595.63352780939
1682907924,28596.34,28595.62352805994
1682907930,28586.22,28585.503781613228
1682907937,28586.13,28539.787843155933
1682907943,28588.97,28542.623239114553
1682907949,28588.98,28542.63322290314
1682907955,28588.98,28542.63322290314
1682907961,28588.98,28542.63322290314
1682907968,28600.0,28588.839738885872
1682907974,28587.98,28576.82442931729
1682907980,28581.52,28570.366950131516
1682907988,28581.52,28570.366950131516
1682907995,28573.07,28561.92024748139
1682908003,28572.99,28601.19994530433
1682908009,28573.05,28601.260004541975
1682908015,28573.04,28601.249994669037
1682908021,28573.04,28601.249994669037
1682908027,28581.02,28609.237873276194
1682908034,28587.99,28590.44830630202
1682908040,28588.52,28590.978351877184
1682908046,28589.18,28591.638408631163
1682908053,28598.08,28600.539173949957
1682908059,28599.95,28602.409334752894
1682908066,28601.94,28579.17565249574
1682908072,28619.42,28596.64174012496
1682908079,28614.71,28591.93548882441
1682908085,28610.2,28587.42907834342
1682908091,28600.01,28577.247188587025
1682908098,28589.67,28586.331639690852
1682908104,28588.2,28584.861811339902
1682908111,28573.89,28570.553482290845
1682908118,28570.76,28567.42384777487
1682908124,28551.57,28548.23608855395
1682908132,28568.19,28596.856960223842
1682908138,28569.68,28598.348455375293
1682908144,28571.13,28599.79991038845
1682908150,28586.91,28615.59574494543
1682908156,28581.64,28610.320456725196
1682908163,28582.57,28648.846130878832
1682908170,28586.91,28653.196194298882
1682908177,28586.96,28653.2463102369
1682908183,28589.92,28656.213173767625
1682908189,28589.91,28656.203150580022
1682908197,28582.17,28709.808149100856
1682908203,28570.97,28699.859436592338
1682908209,28570.98,28699.869481704365
1682908215,28583.78,28712.72722509874
1682908221,28587.03,28715.99188650747
1682908229,28588.29,28677.103796816817
1682908236,28597.32,28686.161849861797
1682908242,28619.07,28707.97941948841
1682908248,28619.08,28707.989450554905
1682908254,28627.69,28716.62619880709
1682908261,28625.06,28660.33176426088
1682908268,28632.7,28667.98117825963
1682908274,28629.06,28664.336693056037
1682908280,28632.98,28668.26152327529
1682908286,28632.02,28667.30034036445
1682908293,28636.35,28722.825028011517
1682908300,28636.36,28722.835058209163
1682908306,28637.13,28723.607383427687
1682908312,28638.36,28724.841097737804
1682908318,28624.86,28711.300330919472
1682908326,28624.87,28738.639828947096
1682908332,28624.86,28738.629789202
1682908338,28624.86,28738.629789202
1682908345,28627.48,28741.260202417914
1682908351,28634.02,28747.8261957126
1682908359,28638.37,28740.985301637505
1682908365,28638.37,28740.985301637505
1682908371,28638.46,28741.075624120145
1682908377,28638.47,28741.085659951554
1682908384,28638.42,28741.035480794526
1682908391,28638.42,28723.32804084617
1682908397,28633.36,28718.25303880742
1682908404,28633.36,28718.25303880742
1682908410,28628.42,28713.298392548237
1682908416,28623.6,28708.464102068636
1682908424,28623.59,28695.65427191487
1682908430,28623.6,28695.6642970914
1682908436,28623.6,28695.6642970914
1682908442,28625.01,28697.07784698236
1682908449,28634.13,28706.220807979214
1682908457,28639.99,28674.819487076104
1682908463,28636.6,28671.42536445032
1682908470,28631.0,28665.818554213038
1682908477,28631.0,28665.818554213038
1682908483,28630.0,28664.817338099238
1682908491,28628.1,28674.753186909948
1682908497,28629.8,28676.45595727954
1682908505,28626.07,28667.51491978147
1682908512,28625.74,28667.184442006368
1682908518,28622.54,28663.979809035678
1682908525,28616.55,28655.189506022572
1682908532,28621.07,28659.715609154056
1682908538,28621.19,28659.835771184094
1682908544,28623.93,28662.579470869994
1682908550,28623.92,28662.56945736749
1682908558,28623.92,28653.89941591298
1682908564,28623.97,28653.949468280753
1682908570,28582.34,28612.27586687729
1682908577,28592.4,28622.34640327217
1682908584,28586.31,28616.250024878056
1682908591,28606.63,28629.071609213956
1682908598,28611.24,28633.685225711895
1682908604,28621.18,28643.633023540424
1682908610,28620.79,28643.242717589404
1682908618,28617.92,28640.3704661037
1682908626,28617.89,28643.495533995414
1682908632,28623.37,28648.980437163544
1682908638,28622.23,28647.839417161416
1682908644,28626.68,28652.29339874868
1682908650,28626.68,28652.29339874868
1682908658,28627.82,28645.85444415702
1682908664,28627.83,28645.864450456644
1682908670,28620.64,28638.6699210285
1682908677,28614.08,28632.105788476543
1682908684,28611.33,28629.354056080523
1682908692,28605.51,28628.41280466791
1682908699,28600.01,28622.90840113077
1682908705,28595.02,28617.914405921623
1682908711,28612.07,28634.978056886754
1682908718,28604.88,28627.782300262752
1682908726,28604.89,28620.018242507387
1682908732,28604.88,28620.0082372187
1682908738,28610.35,28625.481130132688
1682908745,28613.92,28629.053018195384
1682908751,28615.34,28630.473769189513
1682908759,28615.0,28631.404897879693
1682908765,28615.0,28631.404897879693
1682908771,28619.75,28636.157621041144
1682908777,28625.47,28641.88090030083
1682908783,28627.35,28643.761978099465
1682908791,28627.35,28652.499671735048
1682908798,28622.52,28647.665428488137
1682908804,28619.72,28644.34876263955
1682908812,28608.03,28632.648702784485
1682908818,28608.03,28632.648702784485
1682908826,28600.02,28615.721047763614
1682908833,28593.38,28609.07740248794
1682908839,28599.7,28615.400872087677
1682908846,28594.79,28610.488176560033
1682908852,28598.64,28614.340290161137
1682908861,28594.8,28613.051154554123
1682908867,28594.79,28613.04114817144
1682908873,28594.8,28613.051154554123
1682908880,28594.8,28613.051154554123
1682908886,28594.79,28613.04114817144
1682908894,28602.49,28613.619290294064
1682908900,28593.39,28604.515749464517
1682908907,28596.92,28608.047122995096
1682908913,28591.54,28602.665029625543
1682908920,28590.32,28601.444554920923
1682908928,28599.71,28606.40873234927
1682908934,28595.42,28602.11772752923
1682908941,28592.14,28598.836959275213
1682908947,28598.15,28604.84836696017
1682908953,28598.16,28604.858369302405
1682908962,28598.16,28605.837765527413
1682908968,28598.22,28605.897781635653
1682908974,28598.21,28605.887778950942
1682908981,28585.8,28593.474447230645
1682908987,28588.06,28595.73505397423
1682908995,28596.85,28606.112167447234
1682909001,28583.73,28592.987918040853
1682909007,28583.04,28592.297694558354
1682909013,28580.01,28589.266713178677
1682909020,28580.0,28589.2567099398
1682909029,28590.7,28598.099807126477
1682909035,28590.7,28598.099807126477
1682909041,28595.97,28603.371171100902
1682909047,28595.96,28603.361168512714
1682909053,28595.96,28603.361168512714
1682909061,28590.38,28602.498830447636
1682909067,28593.29,28605.410063932348
1682909074,28593.29,28605.410063932348
1682909080,28590.7,28602.818966088566
1682909086,28590.43,28602.54885164153
1682909095,28582.98,28587.932558081484
1682909101,28585.7,28590.509687137273
1682909108,28585.99,28590.799735931225
1682909114,28583.46,28588.269310246058
1682909120,28583.46,28588.269310246058
1682909129,28593.02,28594.37342878592
1682909135,28596.68,28598.033602029223
1682909142,28600.0,28601.35375917889
1682909148,28599.99,28601.343758705552
1682909154,28601.92,28603.273850060625
1682909163,28601.92,28598.911407220538
1682909169,28606.4,28603.390935976106
1682909175,28604.47,28601.461138989893
1682909181,28604.47,28601.461138989893
1682909188,28605.66,28602.651013815586
1682909197,28613.03,28618.286283613357
1682909204,28614.82,28620.07661244074
1682909210,28612.4,28617.65616788082
1682909216,28607.55,28612.80527692395
1682909222,28614.03,28619.286467315804
1682909231,28607.66,28612.539306690287
1682909237,28613.28,28618.160265234383
1682909245,28613.28,28618.160265234383
1682909252,28608.76,28613.639494305677
1682909258,28613.96,28618.840381214806
1682909267,28615.57,28618.18111985531
1682909273,28615.56,28618.17111894283
1682909279,28615.57,28618.18111985531
1682909285,28611.73,28614.340769462146
1682909291,28611.72,28614.330768549662
1682909300,28605.12,28598.778261543193
1682909307,28604.46,28598.11840786481
1682909313,28609.31,28602.967332622637
1682909319,28609.31,28602.967332622637
1682909325,28597.59,28591.249930939815
1682909334,28601.38,28595.348573139127
1682909341,28615.0,28608.965700968838
1682909347,28603.21,28597.178187230784
1682909353,28603.21,28597.178187230784
1682909360,28603.22,28597.188185121995
1682909369,28600.02,28600.655372677546
1682909375,28600.01,28600.645372455383
1682909382,28601.77,28602.405411555217
1682909388,28609.09,28609.72557417496
1682909394,28606.55,28607.1855177468
1682909403,28601.12,28619.904449672755
1682909409,28601.12,28619.904449672755
1682909416,28598.67,28617.452840578364
1682909422,28595.34,28614.120653523543
1682909428,28590.66,28609.437579824877
1682909438,28587.92,28593.473165039086
1682909444,28587.92,28593.473165039086
1682909450,28587.92,28593.473165039086
1682909456,28588.98,28594.533370942663
1682909463,28588.99,28594.54337288515
1682909472,28580.0,28574.138416541682
1682909478,28580.0,28574.138416541682
1682909484,28580.0,28574.138416541682
1682909490,28580.61,28574.748291434407
1682909496,28580.61,28574.748291434407
1682909506,28580.62,28576.498406981427
1682909512,28580.01,28575.888494949137
1682909518,28580.61,28576.488408423524
1682909524,28585.29,28581.1677335237
1682909531,28585.29,28581.1677335237
1682909541,28585.29,28587.66847521819
1682909547,28585.28,28587.658474386124
1682909553,28585.29,28587.66847521819
1682909559,28581.63,28584.008170683257
1682909566,28580.0,28582.378035057045
1682909575,28572.2,28570.894698291417
1682909582,28573.13,28571.82465580499
1682909588,28573.13,28571.82465580499
1682909594,28573.12,28571.814656261835
1682909600,28573.12,28571.814656261835
1682909610,28573.97,28577.920792248744
1682909616,28580.0,28583.951625989284
1682909623,28592.75,28596.703388873517
1682909629,28592.76,28596.71339025617
1682909636,28582.98,28586.932038020266
1682909645,28583.68,28577.976115251837
1682909651,28576.08,28570.37763183487
1682909658,28575.75,28570.0476976865
1682909665,28570.89,28565.18866750144
1682909671,28570.0,28564.298845101293
1682909680,28562.3,28563.40349532328
1682909686,28563.1,28564.203526231024
1682909692,28566.73,28567.833666474915
1682909699,28566.72,28567.823666088567
1682909705,28566.72,28566.695062335588
1682909715,28569.99,28569.881275019186
1682909721,28570.92,28570.811271480005
1682909727,28578.14,28578.03124400382
1682909733,28573.59,28573.481261319146
1682909739,28571.78,28571.67126820722
1682909749,28573.17,28567.652846838188
1682909756,28573.18,28567.662844907303
1682909762,28573.18,28567.662844907303
1682909768,28575.33,28569.812429766833
1682909774,28587.99,28582.46998526526
1682909784,28582.66,28590.21465254475
1682909791,28584.75,28592.305204950433
1682909798,28584.74,28592.295202307345
1682909804,28584.74,28592.295202307345
1682909811,28584.75,28592.305204950433
1682909820,28570.72,28564.418507183145
1682909826,28570.72,28564.418507183145
1682909833,28573.77,28567.467834482104
1682909839,28564.62,28558.319852585228
1682909845,28566.05,28559.74953718769
1682909855,28566.87,28567.051908163023
1682909861,28566.86,28567.041908099345
1682909867,28569.77,28569.95192662965
1682909873,28568.01,28568.191915422318
1682909879,28568.01,28568.191915422318
1682909889,28568.01,28565.13719616712
1682909895,28568.0,28565.127197172726
1682909901,28568.01,28565.13719616712
1682909908,28568.0,28565.127197172726
1682909914,28568.01,28565.13719616712
1682909925,28567.98,28569.625850983433
1682909931,28560.28,28561.925407373048
1682909937,28560.28,28561.925407373048
1682909944,28560.28,28561.925407373048
1682909950,28557.63,28559.275254701945
1682909960,28533.7,28530.94870048649
1682909966,28533.87,28531.11868409461
1682909972,28541.21,28538.45797635119
1682909978,28541.21,28538.45797635119
1682909984,28541.22,28538.467975386964
1682909994,28547.27,28545.318162343137
1682910001,28549.42,28547.65934942921
1682910007,28551.88,28550.119197720338
1682910013,28543.08,28541.319740418752
1682910019,28543.07,28541.309741035453
1682910029,28537.84,28539.7027236842
1682910035,28533.11,28534.972414947344
1682910042,28536.91,28538.772662981184
1682910048,28537.82,28539.68272237876
1682910054,28540.44,28542.302893391563
1682910064,28549.84,28554.389887457644
1682910070,28548.7,28553.24970577986
1682910076,28549.21,28553.759787056762
1682910083,28550.0,28554.54991295628
1682910089,28551.34,28555.890126507362
1682910099,28550.29,28550.02794800769
1682910106,28550.29,28550.02794800769
1682910112,28550.29,28550.02794800769
1682910118,28550.29,28550.02794800769
1682910124,28550.29,28550.02794800769
1682910134,28549.54,28548.506628506886
1682910141,28549.54,28548.506628506886
1682910148,28550.3,28549.26660099813
1682910154,28550.3,28549.26660099813
1682910162,28550.3,28549.26660099813
1682910173,28552.98,28551.75605069737
1682910179,28552.97,28551.746051126032
1682910185,28552.97,28551.746051126032
1682910191,28557.04,28555.8158766618
1682910197,28557.04,28555.8158766618
1682910208,28552.52,28551.945941594757
1682910214,28554.35,28553.775904801965
1682910221,28554.35,28553.775904801965
1682910227,28554.34,28553.76590500302
1682910233,28554.35,28553.775904801965
1682910244,28554.35,28560.668245699195
1682910250,28554.34,28560.658243486487
1682910256,28554.34,28560.658243486487
1682910262,28554.35,28560.668245699195
1682910269,28554.35,28560.668245699195
1682910279,28554.35,28553.948795342636
1682910285,28554.35,28553.948795342636
1682910291,28554.34,28553.938795483144
1682910298,28554.35,28553.948795342636
1682910304,28552.56,28552.373239615208
1682910314,28552.56,28548.80660278883
1682910320,28551.9,28548.1466895496
1682910326,28551.9,28548.1466895496
1682910332,28551.05,28547.296801286957
1682910339,28544.28,28540.527691242154
1682910349,28542.29,28543.767170283936
1682910355,28542.3,28543.777170801473
1682910362,28542.29,28543.767170283936
1682910368,28542.29,28543.767170283936
1682910375,28540.55,28542.027080232427
1682910386,28535.67,28535.22440186341
1682910392,28535.66,28535.214402019563
1682910399,28535.67,28535.22440186341
1682910405,28535.66,28535.214402019563
1682910411,28535.67,28535.22440186341
1682910421,28535.66,28537.748218501045
1682910428,28540.8,28542.888594642445
1682910435,28537.03,28539.11831875663
1682910441,28537.02,28539.10831802484
1682910447,28537.03,28539.11831875663
1682910458,28532.66,28530.038668123852
1682910464,28532.66,28530.038668123852
1682910470,28532.66,28530.038668123852
1682910478,28541.3,28538.677874356028
1682910484,28541.31,28538.687873437317
1682910495,28534.79,28535.223890367386
1682910501,28534.78,28535.213890215327
1682910507,28534.79,28535.223890367386
1682910514,28534.79,28535.223890367386
1682910520,28534.32,28534.753883220725
1682910531,28528.91,28528.803425837563
1682910537,28533.08,28532.973410259885
1682910543,28533.08,28532.973410259885
1682910549,28532.42,28532.313412725412
1682910555,28532.42,28532.313412725412
1682910566,28529.64,28524.050653892413
1682910572,28523.3,28517.711895984998
1682910578,28519.6,28514.012620865527
1682910584,28515.01,28509.423520109216
1682910590,28527.91,28522.32099282304
1682910601,28533.04,28535.28354236571
1682910607,28533.69,28535.933593474965
1682910613,28541.24,28543.484187128674
1682910619,28541.25,28543.494187914966
1682910625,28541.25,28543.494187914966
1682910636,28532.79,28533.679680715682
1682910643,28536.13,28537.0197848602
1682910649,28528.14,28529.029535724065
1682910655,28525.41,28526.299450599956
1682910661,28520.0,28520.889281910786
1682910672,28510.72,28513.92220536044
1682910678,28510.71,28513.91220423728
1682910684,28525.01,28528.213810353736
1682910690,28525.57,28528.773873250608
1682910697,28533.02,28536.22471000359
1682910708,28531.89,28529.692556081314
1682910714,28531.85,28529.652559162
1682910721,28530.94,28528.742629247576
1682910727,28530.94,28528.742629247576
1682910733,28522.85,28520.653252316057
1682910745,28514.12,28515.36300362687
1682910752,28513.94,28515.182995780207
1682910760,28508.13,28509.372742507407
1682910766,28507.99,28509.23273640445
1682910773,28503.84,28505.082555495304
1682910785,28501.18,28502.265018156966
1682910791,28501.18,28502.265018156966
1682910798,28501.19,28502.275018537654
1682910804,28500.01,28501.094973615956
1682910812,28500.01,28501.094973615956
1682910824,28500.0,28496.219378612295
1682910830,28500.0,28496.219378612295
1682910836,28497.2,28493.419750041765
1682910842,28495.19,28491.41001667506
1682910849,28487.98,28484.200973105948
1682910861,28475.45,28475.650026383068
1682910868,28475.45,28475.650026383068
1682910875,28471.8,28472.000000743566
1682910881,28471.9,28472.10000144602
1682910888,28475.03,28475.230023432767
1682910900,28481.52,28482.731262224876
1682910906,28481.52,28482.43555915041
1682910912,28476.64,28477.555402279264
1682910918,28476.64,28477.555402279264
1682910926,28478.46,28479.375460784486
1682910937,28456.82,28455.47442028394
1682910944,28461.18,28459.834214121493
1682910950,28459.77,28458.424280793293
1682910956,28447.51,28446.164860506953
1682910962,28444.09,28442.745022221534
1682910974,28441.64,28441.272705337764
1682910980,28441.25,28440.882710374215
1682910988,28445.34,28444.972657556053
1682910994,28438.89,28438.522740851196
1682911001,28437.08,28436.712764225496
1682911013,28440.57,28443.116251018553
1682911019,28458.34,28460.8878419459
1682911025,28462.26,28464.80819289892
1682911032,28475.44,28477.98937288893
1682911040,28490.73,28493.280741784776
1682911051,28497.19,28496.64543257061
1682911057,28505.5,28504.95527377056
1682911064,28505.49,28504.945273961654
1682911070,28520.82,28520.274981012815
1682911076,28521.65,28521.10496515192
1682911088,28526.45,28526.194263430552
1682911095,28526.67,28526.414261458274
1682911101,28528.44,28528.184245590415
1682911108,28529.48,28529.224236266928
1682911115,28527.35,28527.094255362146
Timestamp,Current_Price,Predicted_Price
1682936862,28544.82,28624.493439473394
1682936868,28544.82,28624.493439473394
1682936875,28544.83,28624.503467385093
1682936881,28544.83,28624.503467385093
1682936887,28544.82,28624.493439473394
Timestamp,Current_Price,Predicted_Price
1682936999,28541.97,28553.51818394704
1682937006,28537.71,28552.481651432263
1682937012,28537.71,28552.481651432263
1682937018,28537.7,28552.471646256075
1682937024,28537.7,28552.471646256075
1682937030,28537.7,28552.471646256075
1682937036,28537.71,28552.481651432263
1682937043,28537.7,28552.471646256075
1682937049,28537.71,28552.481651432263
1682937055,28541.98,28556.753861663972
1682937061,28542.62,28557.39419293992
1682937067,28542.62,28557.39419293992
1682937074,28542.62,28557.39419293992
1682937080,28542.61,28557.384187763735
1682937086,28542.62,28557.39419293992
1682937093,28542.61,28557.384187763735
1682937099,28542.61,28557.384187763735
1682937105,28542.62,28557.39419293992
1682937111,28540.88,28555.65329228344
1682937118,28540.84,28555.61327157869
1682937124,28537.11,28551.881340861062
1682937130,28536.14,28550.910838770953
1682937137,28535.99,28550.760761128156
1682937143,28531.39,28546.15838008228
1682937149,28531.4,28546.16838525847
1682937157,28530.44,28544.23689774413
1682937163,28530.44,28544.23689774413
1682937170,28530.44,28544.23689774413
1682937177,28530.42,28544.216888072428
1682937183,28530.42,28544.216888072428
1682937189,28530.42,28533.418616473708
1682937195,28529.0,28531.99846722826
1682937202,28529.0,28531.99846722826
1682937208,28528.96,28531.958463024162
1682937215,28528.17,28531.16837999324
1682937221,28528.17,28528.049998112256
1682937228,28528.12,28527.99999832258
1682937234,28527.94,28527.819999079737
1682937240,28527.84,28527.719999500383
1682937246,28527.85,28527.729999458315
1682937253,28527.84,28534.779395122212
1682937259,28527.84,28534.779395122212
1682937266,28527.85,28534.78939755471
1682937272,28527.84,28534.779395122212
1682937279,28527.85,28534.78939755471
1682937285,28530.44,28543.347493530742
1682937292,28533.51,28546.41888243344
1682937298,28533.52,28546.428886957554
1682937304,28533.51,28544.62756559553
1682937311,28533.51,28544.62756559553
1682937317,28533.52,28545.641096713316
1682937324,28533.52,28545.641096713316
1682937331,28533.51,28545.631092465293
1682937338,28533.52,28545.641096713316
1682937344,28533.51,28545.631092465293
1682937351,28533.51,28524.412982703605
1682937357,28533.52,28524.42297951542
1682937364,28531.0,28521.903782938607
1682937370,28529.29,28520.19432811863
1682937376,28522.91,28513.816362182097
1682937383,28522.92,28556.930543834816
1682937389,28522.91,28556.920531910884
1682937396,28520.01,28554.01707396979
1682937402,28518.97,28552.975833880573
1682937409,28518.97,28552.975833880573
1682937416,28516.82,28539.60481223434
1682937422,28515.91,28538.694085148392
1682937428,28515.91,28538.694085148392
1682937434,28515.9,28538.68407715844
1682937441,28508.14,28530.91787695298
1682937448,28501.55,28518.74470295297
1682937454,28501.0,28518.194371143414
1682937460,28504.39,28521.586416296854
1682937467,28504.4,28521.596422329756
1682937473,28504.4,28521.596422329756
1682937480,28504.4,28513.18575511922
1682937487,28505.32,28514.10603868578
1682937493,28506.44,28515.226383897243
1682937500,28506.61,28515.396436295414
1682937507,28506.61,28515.396436295414
1682937514,28506.61,28512.4370858298
1682937521,28506.6,28512.42708378568
1682937527,28507.32,28513.147230962135
1682937533,28507.32,28513.147230962135
1682937539,28507.32,28513.147230962135
1682937546,28507.33,28530.384702118496
1682937552,28507.33,28530.384702118496
1682937559,28507.32,28530.374694031205
1682937566,28504.0,28527.0520090512
1682937572,28504.0,28527.0520090512
1682937580,28504.0,28510.882525711786
1682937587,28504.0,28510.882525711786
1682937593,28500.69,28507.571726485006
1682937600,28500.6,28507.481704753765
1682937607,28500.6,28509.237990461148
1682937615,28500.0,28509.716482105432
1682937621,28495.27,28504.984869510332
1682937627,28487.66,28497.372275039146
1682937633,28487.65,28497.362271629856
1682937639,28491.38,28501.09354329576
1682937646,28493.56,28509.0934687562
1682937652,28493.56,28509.0934687562
1682937659,28493.57,28509.103474207768
1682937665,28493.97,28509.503692270642
1682937671,28493.98,28509.513697722214
1682937679,28494.03,28523.1858508742
1682937685,28494.03,28523.1858508742
1682937691,28494.02,28523.175840641936
1682937697,28494.02,28523.175840641936
1682937704,28494.03,28523.1858508742
1682937711,28494.02,28500.0530957397
1682937718,28494.03,28500.063097857015
1682937724,28496.78,28502.813680120005
1682937730,28505.34,28511.375492545896
1682937737,28507.14,28513.17587366349
1682937745,28501.58,28513.58980619409
1682937752,28501.8,28513.809898896223
1682937759,28504.22,28516.230918619727
1682937765,28507.42,28519.43226701444
1682937771,28507.43,28519.442271228174
1682937778,28507.88,28527.160736263875
1682937786,28512.69,28531.973989411472
1682937792,28515.89,28535.176153667675
1682937798,28520.03,28539.318953674134
1682937804,28527.1,28546.393735327674
1682937812,28528.46,28531.252108947006
1682937818,28528.81,28531.60214320186
1682937824,28529.0,28531.792161797348
1682937830,28529.81,28532.602241072862
1682937836,28529.81,28532.602241072862
1682937844,28522.38,28531.42409387074
1682937850,28522.38,28531.42409387074
1682937857,28522.37,28531.414090699862
1682937863,28523.8,28532.844544135172
1682937869,28523.82,28532.864550476927
1682937877,28527.23,28523.21198046065
1682937883,28527.23,28523.21198046065
1682937890,28527.22,28523.201981869137
1682937896,28527.23,28523.21198046065
1682937902,28527.23,28521.660535667757
1682937909,28527.24,28524.152598507026
1682937915,28530.86,28527.772206727328
1682937921,28530.86,28527.772206727328
1682937927,28530.85,28527.76220780959
1682937934,28530.86,28527.772206727328
1682937942,28530.85,28525.17236079622
1682937948,28534.56,28528.881622506215
1682937954,28534.56,28528.881622506215
1682937960,28534.56,28528.881622506215
1682937966,28532.08,28526.40211602622
1682937973,28527.62,28527.873990740743
1682937980,28527.62,28527.873990740743
1682937986,28525.51,28525.763971954722
1682937992,28525.52,28525.77397204376
1682937998,28525.51,28525.763971954722
1682938005,28527.62,28517.91475007136
1682938012,28527.61,28517.904753473413
1682938018,28525.64,28515.93542367802
1682938024,28525.51,28515.80546790472
1682938030,28525.51,28515.80546790472
1682938037,28525.51,28521.25643218065
1682938044,28525.52,28521.266430689506
1682938050,28525.51,28521.25643218065
1682938057,28525.52,28521.266430689506
1682938063,28525.5,28521.246433671797
1682938070,28525.51,28529.052996603743
1682938076,28525.5,28529.0429953617
1682938082,28525.5,28529.0429953617
1682938088,28525.51,28529.052996603743
1682938095,28525.51,28529.052996603743
1682938103,28525.5,28520.651185970055
1682938109,28525.51,28520.661184270237
1682938115,28525.51,28520.661184270237
1682938121,28525.51,28520.661184270237
1682938127,28525.5,28520.651185970055
1682938135,28523.88,28529.32536056501
1682938141,28523.88,28529.32536056501
1682938148,28523.84,28529.285352928797
1682938155,28522.76,28528.205146751046
1682938161,28522.76,28528.205146751046
1682938169,28522.75,28520.70045297256
1682938176,28522.74,28520.690453691128
1682938184,28522.74,28520.690453691128
Timestamp,Current_Price,Predicted_Price
1682938249,28510.65,28497.65379752261
1682938255,28520.37,28507.369366789244
1682938261,28522.85,28509.848236314065
1682938267,28525.08,28512.077219798084
1682938274,28525.09,28512.087215239713
1682938281,28528.06,28515.055861404522
1682938287,28529.0,28515.99543291796
1682938293,28531.04,28518.03450301096
1682938300,28534.17,28521.16307624188
1682938306,28534.2,28521.19306256678
1682938312,28534.2,28521.19306256678
1682938319,28534.21,28521.20305800841
1682938325,28534.21,28521.20305800841
1682938332,28534.21,28521.20305800841
1682938338,28534.2,28521.19306256678
1682938345,28534.71,28521.702830090027
1682938351,28540.53,28527.52017712005
1682938357,28540.52,28527.510181678423
1682938363,28544.49,28531.478372006466
1682938369,28552.81,28539.794579444577
1682938376,28551.83,28538.815026164608
1682938382,28551.83,28538.815026164608
1682938388,28554.59,28541.573768055132
1682938394,28560.0,28546.98130197823
1682938400,28552.26,28539.244830154792
1682938407,28549.83,28513.3013876054
1682938414,28550.73,28514.200236083612
1682938421,28558.19,28521.650691247498
1682938427,28558.23,28521.69064006875
1682938433,28558.26,28521.72060168469
1682938439,28559.18,28567.417082133066
1682938445,28561.38,28569.617716660414
1682938452,28561.39,28569.627719544627
1682938458,28561.38,28569.617716660414
1682938464,28559.32,28567.557122512077
1682938471,28553.72,28563.135060866607
1682938477,28553.73,28563.14506416392
1682938484,28553.72,28563.135060866607
1682938490,28555.72,28565.135720329603
1682938496,28552.82,28562.234764108256
1682938502,28552.82,28561.818222160568
1682938509,28552.82,28561.818222160568
1682938515,28552.82,28561.818222160568
1682938521,28552.82,28561.818222160568
1682938527,28552.82,28561.818222160568
1682938534,28552.99,28560.125383377293
1682938540,28553.64,28560.775545812092
1682938547,28553.65,28560.78554831109
1682938554,28560.0,28567.137135174125
1682938561,28559.04,28566.176895270422
1682938568,28559.05,28557.907044152355
1682938574,28559.99,28558.84700653281
1682938580,28559.99,28558.84700653281
1682938586,28559.99,28558.84700653281
1682938592,28559.99,28558.84700653281
1682938599,28559.99,28566.57916902052
1682938605,28561.33,28567.919478176318
1682938611,28561.33,28567.919478176318
1682938617,28561.33,28567.919478176318
1682938623,28561.33,28567.919478176318
1682938630,28561.33,28566.632153704286
1682938636,28561.33,28566.632153704286
1682938642,28561.33,28566.632153704286
1682938648,28561.34,28566.642155560694
1682938654,28561.34,28566.642155560694
1682938661,28561.33,28573.977605170257
1682938667,28561.33,28573.977605170257
1682938673,28561.33,28573.977605170257
1682938679,28557.69,28570.335993295637
1682938686,28557.68,28570.325988867415
1682938692,28557.68,28560.568004649336
1682938698,28557.68,28560.568004649336
1682938705,28557.69,28560.578005660624
1682938711,28557.68,28560.568004649336
1682938717,28557.68,28560.568004649336
1682938724,28557.68,28582.108059780003
1682938730,28557.68,28582.108059780003
1682938736,28557.68,28582.108059780003
1682938743,28557.68,28582.108059780003
1682938749,28550.83,28575.252200333107
1682938756,28550.66,28543.724111090247
1682938762,28550.66,28543.724111090247
1682938768,28550.01,28543.0742689965
1682938775,28549.82,28542.884315153715
1682938782,28549.82,28542.884315153715
1682938788,28549.83,28535.766419483618
1682938794,28552.42,28538.35514365558
1682938800,28552.42,28531.425495006235
1682938806,28540.01,28519.024620040364
1682938813,28538.67,28517.685605338167
1682938819,28536.59,28514.812309925415
1682938826,28536.6,28514.822302293916
1682938832,28536.59,28514.812309925415
1682938838,28541.02,28519.238929172247
1682938844,28541.11,28519.328860488775
1682938851,28549.74,28536.587217429093
1682938857,28549.74,28536.587217429093
1682938863,28549.65,28536.49725889183
1682938870,28553.47,28540.31549902889
1682938876,28553.47,28540.31549902889
1682938883,28553.58,28543.434905581864
1682938889,28553.58,28543.434905581864
1682938895,28553.58,28543.434905581864
1682938901,28557.65,28547.5034595098
1682938907,28557.67,28547.52345240379
1682938914,28557.67,28543.998252148675
1682938920,28557.66,28543.988256936093
1682938927,28557.66,28543.988256936093
1682938933,28557.66,28543.988256936093
1682938939,28557.67,28543.998252148675
1682938946,28557.68,28538.735741388446
1682938953,28557.68,28538.735741388446
1682938959,28557.69,28538.74573475476
1682938965,28557.68,28538.735741388446
1682938971,28550.38,28531.440583976775
1682938978,28550.38,28538.202249544953
1682938984,28550.38,28538.202249544953
1682938991,28550.37,28538.192253810306
1682938997,28550.37,28538.192253810306
1682939003,28550.38,28538.202249544953
1682939010,28550.37,28530.134048277796
1682939017,28550.37,28530.134048277796
1682939023,28550.38,28530.14404118999
1682939029,28550.38,28530.14404118999
1682939035,28550.37,28530.134048277796
1682939043,28550.38,28537.133772519774
1682939049,28555.02,28541.77161974648
1682939055,28555.02,28541.77161974648
1682939061,28555.01,28541.761624386076
1682939067,28555.02,28541.77161974648
1682939074,28555.04,28536.498775491567
1682939080,28555.01,28536.468794971024
1682939086,28555.01,28536.468794971024
1682939092,28555.31,28536.768600176434
1682939099,28555.31,28536.768600176434
1682939106,28556.12,28541.883186441362
1682939112,28556.13,28541.893181455805
1682939119,28556.13,28541.893181455805
1682939125,28559.57,28545.33146642454
1682939131,28560.8,28546.56085320115
1682939138,28561.66,28556.743659656495
1682939145,28562.7,28557.7834806405
1682939151,28572.76,28567.84174900502
1682939157,28577.36,28572.440957203507
1682939163,28577.35,28572.430958924815
1682939171,28577.99,28571.60202869761
1682939177,28584.04,28577.65067635525
1682939183,28588.74,28582.349625775238
1682939189,28588.69,28582.29963695162
1682939196,28587.1,28580.7099923606
1682939203,28582.1,28574.214501249604
1682939209,28565.75,28557.869012041483
1682939215,28565.75,28557.869012041483
1682939222,28565.75,28557.869012041483
1682939228,28568.71,28560.828195408823
1682939235,28568.72,28572.28876915131
1682939241,28568.71,28572.27876790212
1682939247,28571.98,28575.549176386474
1682939253,28573.61,28577.179380004058
1682939260,28573.62,28577.189381253243
1682939267,28573.62,28564.607632003284
1682939273,28568.73,28559.719174351772
1682939280,28568.74,28559.729171197687
1682939286,28566.05,28557.040019647055
1682939292,28566.04,28557.030022801144
1682939300,28566.04,28561.434454183487
1682939306,28566.05,28561.44445257124
1682939312,28563.48,28558.87486691823
1682939318,28563.48,28558.87486691823
1682939324,28563.47,28558.86486853048
1682939332,28562.99,28563.139313419008
1682939338,28563.0,28563.14931347128
1682939344,28562.99,28563.139313419008
1682939350,28564.1,28564.249319221544
1682939356,28564.24,28564.3893199534
1682939365,28564.25,28558.725452417973
1682939371,28564.25,28558.725452417973
1682939377,28564.24,28558.715454352052
1682939383,28564.24,28558.715454352052
1682939389,28564.25,28558.725452417973
1682939397,28564.24,28555.766910672264
1682939403,28564.24,28555.233423705326
1682939410,28564.24,28555.233423705326
1682939416,28556.45,28547.445879966348
1682939422,28554.91,28545.906365542978
1682939430,28554.89,28548.330848608148
1682939436,28554.88,28548.32085090518
1682939442,28554.88,28548.32085090518
1682939449,28554.89,28548.330848608148
1682939455,28554.88,28548.32085090518
1682939463,28551.89,28548.82316462886
1682939469,28549.7,28546.633399862658
1682939475,28546.78,28543.713713507717
1682939482,28543.01,28539.944118453564
1682939488,28543.0,28539.934119527694
1682939497,28543.0,28542.42595901573
1682939503,28543.0,28542.42595901573
1682939509,28543.01,28542.435958814614
1682939515,28549.78,28549.20582266013
1682939521,28549.79,28549.215822459017
1682939530,28549.78,28545.744526003076
1682939536,28544.52,28540.485269497185
1682939543,28539.77,28535.73594090346
1682939549,28539.69,28535.655952211357
1682939555,28539.69,28535.655952211357
1682939563,28534.82,28528.613592851198
1682939569,28534.8,28528.593597201256
1682939575,28539.78,28533.57251403663
1682939581,28536.81,28530.603160020357
1682939587,28536.81,28530.603160020357
1682939595,28536.14,28535.879299281194
1682939601,28536.86,28536.59929270341
1682939609,28536.86,28536.59929270341
1682939615,28536.86,28536.59929270341
1682939622,28535.91,28535.64930138243
1682939630,28535.91,28536.71351621927
1682939637,28531.6,28532.403394857978
1682939643,28531.59,28532.3933945764
1682939649,28531.59,28532.3933945764
1682939656,28535.02,28535.82349115859
1682939664,28534.39,28535.035446837246
1682939672,28534.4,28535.045447063447
1682939678,28531.59,28532.235383501353
1682939684,28530.87,28531.515367214975
1682939690,28535.63,28536.275474886002
1682939698,28534.84,28531.945183216016
1682939704,28534.75,28531.493240072276
1682939710,28521.49,28518.234753477394
1682939716,28529.97,28526.71378562857
1682939722,28528.42,28525.163962534898
1682939731,28528.42,28529.93285470175
1682939737,28528.77,28530.28287326216
1682939743,28528.77,28530.28287326216
1682939749,28529.27,28530.78289977703
1682939755,28534.02,28535.533151668296
1682939763,28540.2,28537.289807738085
1682939769,28540.2,28537.289807738085
1682939776,28540.19,28537.279808757765
1682939782,28540.2,28537.289807738085
1682939789,28540.2,28537.289807738085
1682939797,28540.19,28538.136991151834
1682939803,28540.19,28538.136991151834
1682939809,28540.19,28538.136991151834
1682939815,28540.2,28538.1469904325
1682939822,28540.85,28538.79694367542
1682939830,28541.42,28541.39296684967
1682939836,28541.41,28541.382966859146
1682939842,28540.18,28540.152968024147
1682939849,28537.89,28537.86297019313
1682939855,28537.9,28537.87297018366
1682939864,28537.89,28539.40605455848
1682939870,28537.9,28539.416055089725
1682939876,28537.89,28539.40605455848
1682939882,28537.89,28539.40605455848
1682939889,28530.14,28531.65564284539
1682939898,28530.13,28529.57806897396
1682939904,28530.14,28529.5880687805
1682939911,28525.8,28525.248152740183
1682939917,28521.72,28521.168231670024
1682939924,28521.72,28521.168231670024
1682939933,28520.0,28518.485686033964
1682939939,28520.0,28518.485686033964
1682939946,28520.01,28518.495685502996
1682939952,28520.0,28518.485686033964
1682939958,28520.0,28518.485686033964
1682939967,28520.01,28519.81790846765
1682939973,28520.01,28519.81790846765
1682939979,28520.0,28519.807908535004
1682939985,28520.0,28519.807908535004
1682939991,28520.0,28519.807908535004
1682940000,28520.0,28520.299254769925
1682940006,28520.0,28520.774906584993
1682940012,28521.78,28522.554954948726
1682940018,28524.42,28525.19502667921
1682940024,28524.42,28525.19502667921
1682940033,28523.17,28523.468844740823
1682940039,28520.0,28520.2988115279
1682940045,28520.0,28520.2988115279
1682940051,28522.06,28522.358833111062
1682940058,28517.01,28517.308780200885
1682940067,28507.8,28510.428162058895
1682940073,28504.64,28507.267870735395
1682940079,28504.64,28507.267870735395
1682940085,28511.9,28514.528540041923
1682940091,28511.96,28514.588545573377
1682940100,28515.83,28513.168129910147
1682940106,28515.84,28513.178128976673
1682940113,28515.84,28513.178128976673
1682940119,28515.83,28513.168129910147
1682940125,28517.79,28515.127946949826
Timestamp,Current_Price,Predicted_Price
1682940187,28512.31,28551.736551568883
1682940193,28512.32,28551.746565396785
1682940200,28512.32,28551.746565396785
1682940206,28512.31,28551.736551568883
1682940212,28512.31,28551.736551568883
Timestamp,Current_Price,Predicted_Price
1682940244,28517.92,28509.049239224158
1682940250,28517.92,28509.049239224158
1682940256,28517.92,28509.049239224158
1682940262,28512.31,28503.44098426615
1682940269,28512.27,28503.40099670852
1682940275,28512.28,28503.410993597925
1682940281,28512.92,28504.05079452005
1682940288,28513.05,28504.180754082357
1682940294,28523.5,28514.62750351394
1682940300,28523.5,28514.62750351394
1682940306,28523.49,28507.645655113716
1682940312,28515.08,28499.240326734915
1682940319,28515.07,28499.230332289753
1682940325,28515.07,28499.230332289753
1682940332,28515.07,28499.230332289753
1682940338,28515.07,28499.230332289753
1682940344,28515.08,28499.240326734915
1682940350,28515.08,28499.240326734915
1682940357,28515.08,28499.240326734915
1682940363,28515.07,28499.230332289753
1682940369,28515.08,28499.240326734915
1682940375,28515.08,28499.240326734915
1682940381,28515.07,28499.230332289753
1682940388,28515.07,28499.230332289753
1682940395,28515.07,28499.230332289753
1682940402,28515.08,28506.85245708667
1682940408,28515.07,28506.842459972
1682940414,28515.08,28506.85245708667
1682940420,28515.07,28506.842459972
1682940426,28515.08,28506.85245708667
1682940433,28515.08,28503.222688814152
1682940439,28524.69,28512.82869272645
1682940445,28524.68,28512.818696884708
1682940452,28524.95,28513.088584611694
1682940458,28527.05,28515.187711377126
1682940464,28527.06,28508.606650848218
1682940470,28521.14,28502.69048032896
1682940476,28521.14,28502.69048032896
1682940482,28521.14,28502.69048032896
1682940489,28521.15,28502.700473860245
1682940495,28522.78,28508.053945126834
1682940502,28522.78,28508.053945126834
1682940508,28522.78,28508.053945126834
1682940514,28523.8,28509.073418510005
1682940520,28526.23,28511.502163922854
1682940527,28533.46,28529.07039104735
1682940533,28533.48,28529.090387970533
1682940539,28533.48,28529.090387970533
1682940546,28536.11,28531.719983369356
1682940552,28536.1,28531.709984907764
1682940559,28539.5,28527.69043109729
1682940565,28539.39,28527.580476614996
1682940571,28539.38,28527.57048075297
1682940577,28539.38,28527.57048075297
1682940584,28549.63,28537.816239330336
1682940590,28549.63,28548.90735317596
1682940596,28549.63,28548.90735317596
1682940603,28549.63,28552.499894473138
1682940609,28547.15,28550.019645176097
1682940616,28547.15,28550.019645176097
1682940622,28547.15,28555.190839594256
1682940628,28547.16,28555.20084241094
1682940634,28543.65,28551.689853753687
1682940640,28543.65,28551.689853753687
1682940646,28541.61,28549.649279149467
1682940654,28541.62,28553.15748783679
1682940660,28541.61,28553.147483794455
1682940666,28541.61,28553.147483794455
1682940672,28541.62,28553.15748783679
1682940678,28540.34,28551.876970417514
1682940685,28540.33,28523.435218678136
1682940691,28540.34,28523.445212758517
1682940697,28540.33,28523.435218678136
1682940703,28540.34,28523.445212758517
1682940709,28540.33,28523.435218678136
1682940716,28540.33,28563.452641065105
1682940723,28540.33,28563.452641065105
1682940729,28540.34,28563.462649166846
1682940736,28540.33,28563.452641065105
1682940742,28542.78,28565.904625992065
1682940749,28547.16,28565.118593462594
1682940755,28547.15,28565.108587171744
1682940761,28547.16,28565.118593462594
1682940767,28547.16,28565.118593462594
1682940773,28547.15,28565.108587171744
1682940780,28547.16,28566.243964976537
1682940786,28547.15,28566.233958291472
1682940792,28547.15,28566.233958291472
1682940799,28542.56,28561.640889846163
1682940805,28542.56,28561.640889846163
1682940812,28542.56,28551.38470902972
1682940818,28542.56,28551.38470902972
1682940824,28542.56,28551.38470902972
1682940831,28542.57,28551.39471212149
1682940837,28542.56,28551.38470902972
1682940844,28537.57,28558.14333271793
1682940850,28536.73,28557.302727144313
1682940856,28536.73,28557.302727144313
1682940863,28534.39,28554.96104018924
1682940869,28533.22,28553.790196711703
1682940876,28533.22,28538.458406911643
1682940882,28533.22,28538.458406911643
1682940889,28533.22,28538.458406911643
1682940895,28533.22,28538.458406911643
1682940902,28533.22,28530.3756514478
1682940909,28533.22,28531.79201274192
1682940915,28533.23,28531.802012241453
1682940921,28528.23,28526.80226247386
1682940927,28528.23,28526.80226247386
1682940933,28526.24,28524.81236206636
1682940941,28525.98,28526.03431600484
1682940947,28525.98,28526.03431600484
1682940953,28525.99,28526.044316023883
1682940959,28525.99,28526.044316023883
1682940966,28522.81,28522.86430996888
1682940973,28520.01,28521.04517468062
1682940980,28519.98,28521.015173591728
1682940986,28518.3,28519.335112613717
1682940992,28518.29,28519.325112250757
1682940998,28522.53,28523.565266147638
1682941005,28522.53,28520.919032582646
1682941012,28522.52,28520.90903314745
1682941018,28522.52,28520.90903314745
1682941024,28522.52,28520.90903314745
1682941030,28522.52,28520.90903314745
1682941037,28522.53,28528.02190720995
1682941044,28525.97,28531.462569569172
1682941050,28529.99,28535.483343605243
1682941056,28532.96,28538.453915467708
1682941062,28532.96,28538.453915467708
1682941070,28532.95,28541.37575460789
1682941077,28532.96,28541.385757560878
1682941083,28532.95,28541.37575460789
1682941090,28536.19,28544.616711376988
1682941096,28536.19,28544.616711376988
1682941103,28536.2,28537.21691964716
1682941110,28536.2,28537.21691964716
1682941116,28536.2,28537.21691964716
1682941122,28540.87,28541.88708606787
1682941128,28540.87,28541.88708606787
1682941136,28540.87,28546.27341592972
1682941142,28540.88,28546.283417822942
1682941148,28540.87,28546.27341592972
1682941154,28540.87,28546.27341592972
1682941160,28540.87,28546.27341592972
1682941168,28540.87,28544.656269283183
1682941174,28540.87,28544.656269283183
1682941181,28540.87,28544.656269283183
1682941187,28544.07,28547.856693799382
1682941193,28544.14,28547.926703085675
1682941200,28546.11,28547.779365297185
1682941206,28547.15,28548.819426115977
1682941213,28547.15,28548.819426115977
1682941219,28549.59,28551.259568806217
1682941225,28549.77,28551.439579332546
1682941233,28549.77,28552.281707575323
1682941239,28549.77,28552.281707575323
1682941245,28549.77,28552.281707575323
1682941252,28549.77,28552.281707575323
1682941258,28549.78,28552.291708455086
1682941266,28552.85,28551.843256736407
1682941272,28554.16,28553.153210547192
1682941278,28554.16,28553.153210547192
1682941284,28554.17,28553.1632101946
1682941290,28554.16,28553.153210547192
1682941298,28548.46,28551.78128466298
1682941305,28548.47,28551.791285826366
1682941311,28548.46,28551.78128466298
1682941317,28548.47,28551.791285826366
1682941323,28548.47,28551.791285826366
1682941331,28548.47,28550.12683420588
1682941337,28550.94,28552.59697755438
1682941343,28550.95,28552.606978134743
1682941349,28551.87,28553.527031527705
1682941356,28551.88,28553.537032108066
1682941364,28551.87,28545.744151308543
1682941370,28551.88,28545.754149163033
1682941377,28551.88,28545.754149163033
1682941383,28551.87,28545.744151308543
1682941389,28551.87,28545.744151308543
1682941397,28551.88,28553.157139638104
1682941404,28551.88,28553.157139638104
1682941410,28551.76,28553.037134270442
1682941416,28551.75,28553.02713382314
1682941422,28551.76,28553.037134270442
1682941431,28551.75,28552.227200099733
1682941437,28551.76,28552.237200266867
1682941443,28551.76,28552.237200266867
1682941450,28554.98,28555.457254084384
1682941456,28558.0,28558.4773045592
1682941465,28558.0,28554.77278179489
1682941472,28557.99,28554.76278292495
1682941478,28558.49,28555.262726422076
1682941484,28558.48,28555.25272755213
1682941490,28558.49,28555.262726422076
1682941498,28558.49,28557.099486840252
1682941505,28558.49,28556.709918143493
1682941511,28558.48,28556.699918766804
1682941517,28550.66,28548.88040619594
1682941523,28550.65,28548.870406819253
1682941532,28550.65,28550.76064707517
1682941538,28550.65,28550.76064707517
1682941544,28550.24,28550.35064548623
1682941551,28550.24,28550.35064548623
1682941558,28548.46,28548.5706385879
1682941567,28548.37,28547.09006612662
1682941573,28548.37,28547.09006612662
1682941579,28548.38,28547.100065678285
1682941586,28548.37,28547.09006612662
1682941592,28548.37,28547.09006612662
1682941600,28542.09,28539.229456067118
1682941607,28542.09,28539.229456067118
1682941613,28542.1,28539.239455064897
1682941619,28542.09,28539.229456067118
1682941625,28542.1,28539.239455064897
1682941634,28542.09,28542.410803572577
1682941640,28542.09,28542.410803572577
1682941646,28542.1,28542.420803684974
1682941652,28542.09,28542.410803572577
1682941658,28542.09,28542.410803572577
1682941666,28542.09,28541.677276242313
1682941673,28542.09,28541.677276242313
1682941679,28542.09,28541.677276242313
1682941685,28538.58,28538.167326997547
1682941691,28532.98,28532.567407974555
1682941699,28532.98,28533.931879418767
1682941705,28533.0,28533.95188008598
1682941711,28534.02,28534.971914113867
1682941718,28534.84,28535.79194146962
1682941724,28535.03,28535.981947808144
1682941732,28535.07,28535.07828486688
1682941739,28535.06,28535.068284863974
1682941745,28535.59,28535.598285017855
1682941751,28535.77,28535.778285070115
1682941757,28535.78,28535.788285073017
1682941766,28538.69,28538.216852160032
1682941772,28538.69,28538.216852160032
1682941778,28538.68,28538.206852325824
1682941784,28538.74,28538.266851331075
1682941790,28538.75,28538.276851165283
1682941799,28538.75,28538.48339155884
1682941805,28538.75,28538.777117002464
1682941811,28538.74,28538.767116992964
1682941817,28541.41,28541.437119529946
1682941823,28541.78,28541.807119881516
1682941832,28541.8,28551.9893390362
1682941839,28541.85,28552.039356886056
1682941845,28548.54,28558.73174519647
1682941851,28555.54,28565.734244175976
1682941858,28555.54,28565.734244175976
1682941867,28555.54,28555.59031996511
1682941873,28555.54,28555.59031996511
1682941879,28555.54,28555.59031996511
1682941886,28555.54,28555.59031996511
1682941893,28555.72,28555.770320282303
1682941901,28567.99,28567.67828310856
1682941907,28567.09,28566.778292928822
1682941914,28566.51,28566.198299257434
1682941920,28566.52,28566.208299148322
1682941926,28566.52,28566.208299148322
1682941935,28566.52,28567.236259396803
1682941942,28568.47,28569.186308289907
1682941948,28568.47,28569.186308289907
1682941954,28568.47,28569.186308289907
1682941961,28568.47,28569.186308289907
1682941969,28562.4,28564.65394214925
1682941976,28565.46,28567.714183622757
1682941982,28566.23,28568.4842443857
1682941988,28568.47,28570.724421150626
1682941994,28571.73,28573.984678406716
1682942003,28571.74,28571.83879652397
1682942010,28559.2,28559.29875316265
1682942016,28559.21,28559.308753197227
1682942022,28559.21,28559.308753197227
1682942028,28559.16,28559.258753024333
1682942037,28559.16,28559.817228907737
1682942043,28559.17,28559.827229137863
1682942049,28559.17,28559.827229137863
1682942056,28559.16,28559.817228907737
1682942063,28559.16,28559.817228907737
1682942071,28559.16,28559.584321200018
1682942077,28559.17,28559.59432134859
1682942084,28559.16,28559.584321200018
1682942090,28559.17,28559.59432134859
1682942096,28559.17,28559.59432134859
1682942106,28559.17,28559.36463272427
1682942112,28559.16,28559.354632656123
1682942118,28559.16,28559.354632656123
1682942125,28559.17,28559.36463272427
1682942131,28559.16,28559.354632656123
1682942140,28559.16,28558.313820700812
1682942146,28559.16,28558.313820700812
1682942152,28559.16,28558.313820700812
1682942158,28559.16,28558.313820700812
1682942165,28559.17,28558.32382040452
1682942174,28554.15,28553.808124297117
1682942181,28546.46,28546.11821636864
1682942187,28546.47,28546.12821624891
1682942193,28542.34,28541.998265696948
1682942199,28540.9,28540.55828293791
1682942208,28540.11,28538.1682744882
1682942214,28540.07,28538.128277209595
1682942221,28539.98,28538.038283332742
1682942227,28539.98,28538.038283332742
1682942234,28539.34,28537.398326875125
1682942243,28531.58,28532.007477226784
1682942249,28531.58,28532.007477226784
1682942256,28530.88,28531.307466738963
1682942262,28530.88,28531.307466738963
1682942268,28530.89,28531.317466888788
1682942277,28530.89,28530.72072427018
1682942283,28530.89,28530.72072427018
1682942289,28530.88,28530.710724329514
1682942296,28530.88,28530.710724329514
1682942302,28521.78,28521.610778320435
1682942311,28521.78,28522.03783278963
1682942317,28521.78,28522.03783278963
1682942323,28527.38,28527.637883412826
1682942330,28521.79,28522.04783288003
1682942336,28527.12,28527.37788106246
1682942345,28527.12,28526.681338068425
1682942351,28521.5,28521.06142448725
1682942357,28519.59,28519.151453857346
1682942363,28519.59,28519.151453857346
1682942370,28519.59,28519.151453857346
1682942379,28519.59,28522.803250974295
1682942386,28519.6,28522.813252100976
1682942392,28523.86,28527.073732067525
1682942398,28523.86,28527.073732067525
1682942405,28519.68,28523.83039746115
1682942414,28511.51,28510.966372288884
1682942420,28511.32,28510.776375911606
1682942427,28511.33,28510.786375720938
1682942434,28511.1,28510.556380106336
1682942440,28511.1,28510.556380106336
1682942449,28511.06,28511.704027254465
1682942455,28511.06,28511.704027254465
1682942462,28511.04,28511.684026802694
1682942468,28504.55,28505.193880202147
1682942475,28504.56,28505.20388042804
1682942485,28499.09,28501.067198727986
1682942491,28497.4,28499.37708147983
1682942497,28493.98,28495.956844208406
1682942503,28490.32,28492.296590286354
1682942509,28470.85,28472.825239504302
1682942519,28461.14,28453.46299218113
1682942525,28471.24,28463.560267842648
1682942531,28474.17,28466.489477514748
1682942538,28472.37,28464.68996304042
1682942544,28464.59,28456.91206159026
1682942555,28467.14,28466.933583287246
1682942561,28468.15,28467.943575963687
1682942568,28466.85,28466.64358539005
1682942574,28466.84,28466.633585462565
1682942580,28466.84,28466.633585462565
1682942591,28485.49,28486.473389236013
1682942597,28485.49,28486.473389236013
1682942603,28493.5,28494.48366576093
1682942609,28498.33,28499.31383250442
1682942616,28505.12,28506.104066911932
1682942626,28502.93,28501.203653726003
1682942632,28502.93,28501.203653726003
1682942638,28500.01,28498.283830582597
1682942644,28496.62,28494.894035905836
1682942650,28496.62,28494.894035905836
1682942660,28494.39,28494.86432221449
1682942666,28494.39,28494.86432221449
1682942673,28494.39,28494.86432221449
1682942680,28484.56,28485.034158582726
1682942686,28480.0,28480.474082676228
1682942696,28481.13,28480.83606572397
1682942702,28481.03,28482.072039280236
1682942709,28481.03,28482.072039280236
1682942715,28481.03,28482.072039280236
1682942721,28481.04,28482.08203964611
1682942731,28484.57,28481.34073832066
1682942737,28487.94,28484.710356267788
1682942744,28484.69,28481.460724716406
1682942750,28484.69,28481.460724716406
1682942756,28484.69,28481.460724716406
1682942767,28482.03,28478.99109740426
1682942773,28482.03,28478.99109740426
1682942779,28482.04,28479.00109633731
1682942786,28484.68,28481.64081466136
1682942792,28490.0,28486.960247041643
1682942802,28490.07,28490.058711314585
1682942808,28490.07,28490.058711314585
1682942814,28490.07,28490.058711314585
1682942821,28490.06,28490.048711318548
1682942827,28489.0,28488.98871173855
1682942837,28482.23,28481.842839974037
1682942843,28482.2,28481.812840381826
1682942849,28481.33,28480.942852207772
1682942855,28477.66,28477.272902094217
1682942862,28473.84,28473.452954019624
1682942872,28476.74,28478.262760098172
1682942878,28478.71,28480.232865441598
1682942884,28478.7,28480.22286490686
1682942890,28478.7,28480.22286490686
1682942896,28478.71,28480.232865441598
1682942907,28478.71,28478.541988447752
1682942913,28478.71,28478.541988447752
1682942919,28478.72,28478.551988388757
1682942925,28478.72,28478.551988388757
1682942931,28478.72,28478.551988388757
1682942943,28478.72,28477.93157848442
1682942950,28482.13,28481.34148407999
1682942956,28482.12,28481.33148435683
1682942963,28482.13,28481.34148407999
1682942969,28482.12,28481.33148435683
1682942980,28481.18,28483.477958840733
1682942987,28481.13,28483.42795480656
1682942993,28480.41,28482.707896714503
1682942999,28480.41,28482.707896714503
1682943005,28480.42,28482.843317178034
1682943016,28481.14,28482.483526155425
1682943022,28484.35,28485.693677579104
1682943028,28486.94,28488.28379975584
1682943035,28488.86,28490.203890327015
1682943041,28488.88,28490.223891270463
1682943052,28494.27,28492.700757559647
1682943059,28494.27,28492.700757559647
1682943065,28494.27,28492.700757559647
1682943072,28494.28,28492.71075700892
1682943078,28495.51,28493.940689270104
1682943088,28499.99,28496.449767074886
1682943095,28500.94,28497.399649067076
1682943101,28506.27,28502.72898698118
1682943107,28506.26,28502.718988223365
1682943113,28506.26,28502.718988223365
1682943124,28506.27,28506.726466968605
1682943130,28506.04,28506.496463285646
1682943137,28506.04,28506.496463285646
1682943143,28506.04,28506.496463285646
1682943149,28509.5,28509.95651869015
1682943160,28519.55,28514.124419332788
1682943167,28528.35,28522.92274521416
1682943173,28535.97,28530.541295579624
1682943180,28539.72,28534.2905821768
1682943187,28539.99,28534.5605308118
1682943197,28535.97,28536.33107511107
1682943203,28535.97,28536.33107511107
1682943210,28535.97,28536.33107511107
1682943216,28535.97,28536.33107511107
1682943223,28535.97,28536.33107511107
1682943234,28535.94,28537.229640697842
1682943240,28535.94,28537.229640697842
1682943246,28535.94,28537.229640697842
1682943253,28532.91,28534.19950376136
1682943259,28529.07,28530.359330218093
1682943269,28530.78,28532.797502294634
1682943276,28532.37,28534.387614728596
1682943282,28532.36,28534.377614021465
1682943289,28527.71,28529.727285205157
1682943295,28527.71,28529.727285205157
1682943306,28527.7,28527.268049992046
1682943312,28522.57,28522.13812766755
1682943319,28537.98,28537.547894338204
1682943325,28543.07,28542.637817268354
1682943331,28543.07,28542.637817268354
1682943342,28543.07,28545.356082639686
1682943348,28538.02,28540.30567817313
1682943354,28538.02,28540.30567817313
1682943361,28538.25,28540.535696594376
1682943367,28538.56,28540.84572142302
1682943378,28538.57,28534.826540856477
1682943384,28537.77,28534.026645794016
1682943390,28532.9,28529.157284601286
1682943397,28525.79,28522.048217233667
1682943403,28525.79,28522.048217233667
1682943414,28526.05,28526.489308043478
1682943420,28526.05,28526.489308043478
1682943426,28522.79,28523.229257838695
1682943433,28520.55,28520.989223342152
1682943439,28517.57,28518.009177449436
1682943450,28517.56,28518.0764891781
1682943456,28517.57,28518.086489359208
1682943463,28517.91,28518.42649551704
1682943469,28517.92,28518.43649569815
1682943476,28517.91,28518.42649551704
1682943487,28517.91,28517.791964620214
1682943493,28517.92,28517.801964578823
1682943499,28517.56,28517.44196606886
1682943506,28510.7,28510.58199446234
1682943512,28510.69,28510.57199450373
1682943523,28510.69,28511.718571839618
1682943529,28510.7,28511.728572200387
1682943536,28513.37,28514.398668525195
1682943542,28513.37,28514.398668525195
1682943548,28513.38,28514.408668885964
1682943559,28513.37,28509.164401082187
1682943565,28513.37,28509.164401082187
1682943572,28513.38,28509.17439960723
1682943578,28513.37,28509.164401082187
1682943584,28513.37,28509.164401082187
1682943596,28509.01,28509.747636735254
1682943602,28511.63,28511.971854821855
1682943608,28514.39,28514.73188791429
1682943614,28514.39,28514.73188791429
1682943621,28514.39,28514.73188791429
1682943632,28511.61,28512.977222496105
1682943638,28511.58,28512.94722105751
1682943645,28514.4,28515.76735628549
1682943651,28514.4,28515.76735628549
1682943657,28518.88,28520.247571115757
1682943668,28520.36,28520.457613978753
1682943675,28520.37,28520.467614012978
1682943681,28521.81,28521.907618941532
1682943687,28521.81,28521.907618941532
1682943693,28521.81,28521.907618941532
1682943704,28521.81,28521.3369618472
1682943711,28521.81,28521.3369618472
1682943718,28519.69,28519.216997007687
1682943725,28519.16,28518.687005797812
1682943731,28519.16,28518.687005797812
1682943742,28519.16,28523.01252296517
1682943748,28516.82,28520.672206865267
1682943755,28516.18,28520.032120410593
1682943761,28516.18,28520.032120410593
1682943767,28516.19,28520.042121761446
1682943779,28516.18,28517.433642046202
1682943785,28516.18,28517.433642046202
1682943792,28516.18,28517.433642046202
1682943799,28516.19,28517.443642485825
1682943805,28516.18,28517.433642046202
1682943816,28516.18,28516.621279626663
1682943822,28516.19,28516.63127978141
1682943829,28516.19,28516.63127978141
1682943835,28516.19,28516.63127978141
1682943842,28518.0,28518.441307790636
1682943853,28540.8,28540.413497539248
1682943859,28541.71,28541.323485215933
1682943865,28541.73,28541.343484945093
1682943872,28541.73,28541.343484945093
1682943878,28543.14,28542.75346585073
1682943890,28543.15,28548.872065424814
1682943896,28537.21,28542.93087462882
1682943902,28536.98,28542.529198374432
1682943908,28536.98,28542.529198374432
1682943915,28536.98,28542.529198374432
1682943926,28536.97,28536.82974123758
1682943933,28532.25,28532.109764436304
1682943939,28532.25,28532.109764436304
1682943945,28532.25,28532.109764436304
1682943952,28532.25,28532.109764436304
1682943964,28537.19,28538.48193373434
1682943970,28537.2,28538.491934187063
1682943976,28537.19,28538.48193373434
1682943982,28537.2,28538.491934187063
1682943989,28537.19,28538.48193373434
1682944000,28535.26,28535.32270241097
1682944007,28542.29,28542.35271785845
1682944013,28542.29,28542.35271785845
1682944019,28542.29,28542.35271785845
1682944025,28542.28,28542.342717836476
1682944037,28545.17,28543.997466021825
1682944043,28552.45,28551.27716698534
1682944049,28552.45,28551.27716698534
1682944055,28550.28,28549.107256121213
1682944062,28548.37,28547.197334577217
1682944073,28548.38,28548.96413008008
1682944079,28549.77,28550.354158520953
1682944085,28550.29,28550.874169160703
1682944092,28551.57,28552.154195350857
1682944098,28551.57,28552.154195350857
1682944110,28551.56,28550.076078497827
1682944117,28559.02,28557.535690776298
1682944123,28559.58,28558.0956616712
1682944129,28559.99,28558.505640362106
1682944135,28560.0,28558.51563984237
1682944147,28569.23,28570.94469120072
1682944153,28569.23,28570.94469120072
1682944160,28577.99,28579.705216965503
1682944166,28577.99,28579.705216965503
1682944172,28572.24,28573.954871857342
1682944184,28573.95,28575.311126647077
1682944190,28573.94,28575.301126170725
1682944197,28573.94,28575.301126170725
1682944203,28573.94,28575.904561692034
1682944210,28564.92,28566.88394153442
1682944221,28573.89,28574.45138963285
1682944228,28573.88,28574.441389436382
1682944234,28568.14,28568.70127666292
1682944241,28568.05,28568.611274894694
1682944247,28568.06,28568.621275091165
1682944259,28565.65,28566.20339499113
1682944265,28565.66,28566.21339518486
1682944272,28565.66,28566.21339518486
1682944278,28562.03,28562.5833248618
1682944284,28562.04,28562.59332505553
1682944296,28562.04,28561.32007805474
1682944302,28562.04,28561.32007805474
1682944308,28562.04,28561.32007805474
1682944314,28562.06,28561.34007755063
1682944321,28562.07,28561.350077298575
1682944333,28560.62,28561.127878718078
1682944339,28560.62,28561.127878718078
1682944345,28560.62,28561.127878718078
1682944351,28560.62,28561.127878718078
1682944358,28560.62,28561.127878718078
1682944370,28564.41,28567.827614691392
1682944376,28562.92,28566.33743641899
1682944382,28562.92,28566.33743641899
1682944389,28562.91,28566.327435222534
1682944395,28562.91,28566.327435222534
1682944407,28562.91,28563.706280931317
1682944414,28562.91,28563.706280931317
1682944420,28562.91,28563.706280931317
1682944426,28562.92,28563.716281210098
1682944432,28562.92,28563.716281210098
1682944445,28562.92,28563.852593297263
1682944451,28562.92,28563.852593297263
1682944457,28562.91,28563.84259297076
1682944463,28562.91,28563.84259297076
1682944469,28562.91,28563.84259297076
1682944482,28557.1,28557.987431833735
1682944488,28557.14,28558.027433076764
1682944494,28555.45,28556.337380558834
1682944500,28553.75,28555.105519409608
1682944506,28553.75,28555.105519409608
1682944519,28553.75,28553.297039059533
1682944525,28553.74,28553.28703921817
1682944531,28553.74,28553.28703921817
1682944537,28553.74,28553.28703921817
1682944544,28553.74,28553.28703921817
1682944556,28554.97,28554.98932844572
1682944562,28557.58,28557.599330212393
1682944569,28562.9,28562.919333813425
1682944575,28562.9,28562.919333813425
1682944581,28562.91,28562.92933382019
1682944593,28566.52,28566.463984764436
1682944599,28558.87,28558.81399976509
1682944606,28558.87,28558.81399976509
1682944612,28560.0,28559.943997549308
1682944618,28560.0,28559.943997549308
1682944631,28561.5,28561.487613889054
1682944637,28561.5,28561.487613889054
1682944643,28561.51,28561.497613884716
1682944650,28561.51,28561.497613884716
